4942 5884
2680 568 3194 655 ...43—

1510 769 1958 855 §annaliorum
2006 768 2267 850 scripta
2296 770 2369 832 in
2399 787 2603 835 usum
2640 769 3066 835 convertisse
3081 785 3323 847 snum,
3356 767 3495 831 vid.
3521 766 3700 850 §.23-
3721 768 3844 835 Sin
3865 778 4093 837 antem
4127 789 4340 837 evan-

1517 853 1776 936 gelium
1818 850 2053 911 Lucae
2094 852 2343 910 ceteris
2386 852 2669 933 paribus
2724 848 3199 912 Matthaeiano
3256 858 3502 917 nostro,
3558 852 3702 923 fere
3761 851 4022 932 ubique
4077 855 4339 933 praefe-

1512 931 1805 1009 rendum
1846 947 1991 992 esse
2032 929 2503 997 existimamus
2543 930 2888 1012 (quamvis
2930 930 3055 993 tali
3096 929 3359 1009 judicio
3401 927 3784 1003 virtutibus
3825 928 4032 1011 ‚hujus
4063 949 4149 994 ne
4191 941 4340 999 tan,-

1510 1012 1737 1077 tillum
1809 1008 2084 1091 quidem
2145 1006 2620 1086 detrahatur),
2692 1029 2784 1083 an
2908 1017 3220 1087 ropterea
3297 1008 3740 1090 vituperandi
3784 1011 4040 1086 simus,
4082 1012 4343 1075 nescio.

1512 1090 1781 1157 Deinde
1823 1097 1894 1150 et
1930 1091 2164 1151 Lucae
2206 1089 2678 1169 evangelium,
2719 1097 2800 1151 ut
2914 1107 2950 1148 e
3002 1086 3437 1150 denreichius
3477 1088 3666 1165 vult,
3708 1107 3817 1150 res
3845 1098 4174 1165 narratas,
4200 1108 4342 1163 non

1516 1175 1821 1253 ipsarum
1864 1177 2127 1230 tantum
2170 1186 2374 1229 causa
2415 1171 2823 1241 connexuit,
2870 1108 2998 1229 seg
3031 1187 3071 1229 a
3111 1169 3327 1231 simili
3369 1169 3701 1229 infantiae
3745 1168 4100 1253 evangelio
4141 1187 4341 1251 prae·

1512 1252 1835 1315 stantiori
1878 1250 2086 1310 etiam
2128 1265 2484 1323 exorsum,
2543 1248 2831 1333 dogma,
2868 1246 3106 1309 Jesum
3165 1267 3312 1311 esse
3369 1245 3761 1325 Christum,
3833 1251 4089 1328 optime
4130 1266 4347 1331 usque

1513 1330 1603 1394 ad
1645 1329 2028 1395 Salvator-is
2068 1328 2533 1389 ascensionem
2559 1331 2646 1403 ⁴in
2688 1326 2954 1391 coelum
2997 1329 3322 1389 continuo
3367 1325 3694 1408 perduxit
3723 1337 4071 1390 contextu.
4156 1328 4341 1397 Tum

1516 1405 2009 1473 animadvertit
2048 1407 2200 1480 ille,
2262 1411 2703 1485 „orationum
2744 1416 2815 1469 et
2873 1406 3352 1486 parabolarum
3410 1406 3619 1482 Jesu,
3686 1426 3729 1468 a
3773 1407 3963 1470 Luca
4006 1407 4345 1477 exhibita„-

1516 1509 1712 1560 ωσι,
1765 1488 2010 1548 multas
2056 1487 2337 1549 moralis
2393 1485 2866 1555 tantummodo
2928 1505 3072 1547 esse
3145 1487 3568 1569 argumenti,
3652 1506 3861 1583 quum
3917 1485 4101 1568 apud
4154 1486 4340 1555 Mat?

1517 1569 1799 1635 thaeum
1841 1569 2234 1647 saepissime
2274 1567 2591 1645 redeant,
2686 1587 2847 1643 uae,
2905 1566 3309 1628 relationem
3350 1565 3843 1630 theocraticam
3884 1569 4337 1647 continentes,

1518 1666 1800 1726 regnum
1846 1667 1876 1707 s
1927 1655 2151 1711 ectent
2192 1649 2527 1708 messiano
2562 1684 2594 1698 ι
2682 1646 2999 1721 ivinum”.
3103 1645 3295 1727 Quae
3353 1663 3521 1708 vero
3575 1665 3689 1707 res
3746 1648 4130 1727 aptissime,
4194 1649 4343 1728 opi-

1519 1748 1685 1803 nor,
1742 1746 1871 1807 exp
1900 1736 2148 1789 anatur
2190 1727 2540 1810 cogitandi
2582 1726 3157 1810 evangelistarum
3195 1729 3462 1787 ratione
3524 1724 3838 1799 diversa,
3919 1727 4113 1787 Luca
4170 1726 4340 1789 libe-

1520 1809 1699 1871 riori
1742 1806 1938 1871 Pauli
1999 1825 2105 1886 ap.
2168 1806 2559 1876 doctrinae,
2619 1804 2978 1868 Matthaeo
3039 1813 3280 1866 contra
3336 1804 4175 1883 hanso-,christianismo
4237 1810 4341 1868 in-

1521 1885 1881 1969 dulgentem
1956 1906 2117 1946 num
2162 1905 2329 1951 vero
2379 1884 2673 1949 indolem
2715 1889 2914 1947 istam
2962 1884 3318 1965 evangelio
3362 1893 3596 1946 nostro
3637 1901 3920 1965 magnae
3962 1886 4342 1968 imputave-

1522 1972 1624 2029 ris
1664 1968 2159 2048 praestantiae,
2199 1968 2351 2045 jure
2411 1970 2793 2046 quaeritur.
2881 1964 3195 2045 Denique
3252 1962 3525 2026 tandem
3581 1984 3665 2026 ne
3722 1963 4012 2025 candida
4068 1964 4345 2047 quidem

1523 2045 2051 2123 Krummacheri
2094 2046 2304 2107 verba
2347 2047 2451 2120 (in
2492 2045 2539 2107 l.
2583 2042 2778 2109 Geist
2818 2044 2958 2106 und
3002 2043 3204 2105 Form
3264 2043 3389 2109 der
3443 2043 3754 2127 evangel.
3815 2044 4058 2107 Gesch.
4123 2064 4188 2127 p.
4223 2046 4344 2112 1117.

1520 2130 1734 2208 σφω,
1791 2125 1876 2187 ab
1921 2124 2474 2203 Heydenreichio
2519 2124 2833 2202 laudata,
2906 2128 3310 2186 sententiam
3353 2134 3658 2185 nostram
3701 2120 3790 2184 ad
3832 2124 4336 2187 vacillationem

1522 2208 1864 2269 adducere
1904 2224 2183 2287 eamque
2225 2206 2608 2285 infringere
2648 2205 2942 2267 valeant.
3027 2201 3353 2283 Quamvis
3396 2205 3576 2267 enim
3619 2205 3691 2264 in
3732 2205 4134 2265 universum
4175 2223 4343 2273 vera

1520 2289 1703 2363 sint,
1759 2303 1976 2366 neque
2019 2295 2242 2351 tamen
2286 2294 2391 2346 est
2433 2283 3012 2357 obliviscendum,
3072 2281 3406 2345 Joannem
3449 2300 3720 2364 quoque
3761 2300 3926 2362 prae
3969 2283 4171 2355 rebus
4215 2303 4341 2367 ge·

1523 2366 1872 2428 neralibus
1912 2367 2244 2447 speciales
2290 2383 2422 2427 non
2464 2364 3030 2445 praetermisisse.
3134 2363 3375 2445 Neque
3440 2380 3608 2424 vero
3667 2364 3872 2424 etiam
3922 2364 4073 2442 jure
4131 2380 4339 2447 oppo-

1525 2467 1681 2522 nas,
1741 2445 1785 2508 J
1792 2464 2077 2507 oannem
2116 2444 2490 2509 lectoribus
2531 2445 2920 2526 scripsisse,
2972 2463 3011 2504 a
3054 2440 3432 2504 Palaestina
3473 2443 3676 2526 longe
3717 2445 4030 2520 remotis,
4189 2447 4340 2526 'ppe

1523 2528 1643 2609 qui
1685 2523 2128 2589 traditionem
2170 2524 2668 2606 evangelicam.
2737 2524 2809 2583 in
2869 2532 3059 2594 terra
3118 2522 3235 2583 illa
3288 2526 3625 2603 promissa
3685 2522 4033 2584 uberrime
4140 2525 4335 2587 ilata-

1525 2618 1704 2670 tam.
1764 2602 1853 2667 ad
1893 2622 2005 2667 res
2048 2604 2373 2686 speciales
2413 2606 2600 2684 perci
2649 2601 2883 2664 iendas
2909 2600 3102 2662 adire
3125 2604 3577 2683 nequiissent3
3635 2620 3843 2683 supra
3865 2604 4044 2676 enim
4088 2600 4179 2682 (§.
4204 2600 4337 2685 13.)

1524 2686 1848 2768 probasse
1890 2685 2090 2747 nobis
2137 2682 2489 2759 videmur,
2636 2682 2894 2745 atthaei
2939 2681 3368 2765 evangelium
3409 2699 3728 2762 graecum
3754 2677 4339 2747 Judaeochristia-

1522 2768 1626 2827 nis
1659 2763 1970 2847 quidem,
2023 2783 2245 2847 neque
2284 2771 2514 2829 sutem
2556 2762 3175 2844 Palaestinensibus
3219 2764 3427 2826 fuisse
3470 2760 3907 2825 destinatum.

2802 2942 3048 3024 §.aa

1684 3062 1862 3125 Ouin
1910 3056 2080 3122 adeo
2114 3055 2450 3124 indicium
2495 3061 2842 3123 internum
2882 3058 3481 3142 Heydenreichius
3523 3077 3594 3120 se
3649 3057 3985 3139 reperisse
4028 3044 4338 3124 autumat

1520 3147 1595 3222 (l.
1617 3164 1673 3206 c.
1695 3128 1781 3223 “p.
1811 3140 1935 3206 15¹5
1969 3142 2183 3237 sqq),
2256 3159 2393 3221 quo
2436 3136 2831 3202 Matthaeus
2889 3141 3360 3202 commentarii
3421 3140 3640 3200 nostri
3699 3140 3998 3219 scriptor
4056 3144 4339 3219 manisef

1522 3232 1766 3289 stetur.
1853 3221 2115 3282 Assemt
2155 3220 2521 3295 nimirum,
2592 3227 2854 3295 „totam
2891 3232 3125 3280 rerum
3167 3227 3512 3304 gestarum
3551 3220 3832 3293 seriem,
3909 3236 4060 3279 cum
4123 3221 4338 3300 ipsius

1522 3303 1854 3373 electione
1928 3298 2269 3360 artissime
2339 3301 2891 3379 conjunctarum,
2958 3303 3205 3380 partim
3250 3299 3468 3359 solum
3529 3296 3847 3376 retulisse
3907 3294 4340 3362 Matthaeum

1518 3382 1610 3461 (c.
1650 3378 1785 3456 IX,
1846 3378 1974 3443 27·-
2012 3377 2112 3442 31.
2162 3380 2624 3439 narrationem
2670 3376 2753 3438 de
2796 3379 3061 3442 duobus
3105 3379 3326 3441 caecis
3393 3378 3654 3438 sanatis·
3708 3386 3779 3437 et
3835 3398 3900 3437 v.
3946 3378 4078 3439 32-
4108 3379 4222 3441 3ίΙζ
4254 3374 4344 3444 (16

1520 3464 1796 3526 homine
1842 3469 2030 3520 muto
2077 3456 2581 3541 daemoniaco),
2656 3463 2906 3539 partim
2968 3476 3136 3533 vero
3191 3461 3398 3521 etiam
3463 3455 3731 3518 easdem
3793 3466 4119 3519 contextu
4174 3478 4297 3523 ver

1523 3539 2018 3624 chronologico
2062 3539 2256 3600 illum
2300 3537 2689 3601 exhibuisse
2734 3557 2942 3601 unum
2975 3538 3059 3617 Γ).
3148 3537 3394 3615 Solum¹
3437 3537 3702 3599 scilicet
3765 3534 4193 3599 Matthaeum
4251 3539 4340 3605 de

1521 3618 1830 3701 mulieris
1895 3620 2282 3694 sanatione,
2355 3620 2710 3704 sanguinis
2823 3622 3122 3682 rossuvio
3185 3617 3597 3700 laborantis,
3678 3625 3748 3677 et
3802 3615 3885 3677 de
3940 3616 4090 3679 filia
4149 3618 4337 3697 Jairi

1523 3702 1839 3773 rediviva
1882 3701 2312 3760 narrationes
2355 3717 2510 3760 cum
2554 3700 2719 3778 ipsis
2761 3640 3044 3785 quini
3086 3698 3511 3761 sermonibus
3555 3694 3641 3758 ad
3684 3694 4088 3759 Pharisaeos
4132 3696 4336 3762 Joan-

1520 3788 1762 3867 njsque
1805 3777 2177 3860 discipulos
2219 3781 2701 3856 connexuisse,
2773 3779 3017 3841 Marco
3074 3799 3241 3840 vero
3300 3784 3370 3838 et
3420 3777 3614 3838 Luca
3669 3785 3996 3838 contextu
4062 3777 4337 3844 diverso

1520 3880 1740 3946 eoque
1780 3859 1991 3938 falso,
2049 3858 2157 3918 u‘ti
2197 3865 2424 3940 putet,
2485 3855 2751 3919 easdem
2795 3858 3274 3921 exhibentibus
3294 3855 3413 3933 ²)''.
3498 3857 3756 3918 Damus
3800 3854 4109 3938 quidem,
4151 3857 4337 3925 Mat-

1522 3945 1801 4017 thaeum
1844 3938 2011 4001 duas
2050 3937 2093 3998 l.
2118 3955 2177 3998 c.
2224 3938 2592 4001 memoriae
2634 3939 2830 4001 nobis
2875 3936 3261 4020 prodidisse
3325 3939 3794 4013 narrationes,
3865 3955 3907 3997 a
3965 3936 4212 4002 Marco
4257 3953 4340 4006 -et

1520 4029 1714 4093 Luca
1756 4018 2308 4102 praetermissas,
2384 4016 2601 4080 altera
2640 4026 2864 4081 tamen
2907 4036 2990 4080 ex
3034 4027 3260 4099 parte,
3319 4014 3638 4079 Marcum
3694 4023 3763 4078 et
3816 4014 4079 4078 Lucam
4136 4019 4210 4081 in
4267 4018 4355 4085 11:

1566 4096 1860 4168 arallelis
1900 4096 2148 4174 (Mai-c.
2190 4098 2280 4176 V,
2321 4097 2453 4159 22-
2496 4096 2598 4159 1⁸3.
2640 4098 2813 4177 Luc.
2860 4097 3065 4174 v111,
3101 4098 3205 4160 -Μ
3225 4112 3257 4149 -’
3282 4096 3385 4162 56.
3446 4095 3606 4163 coll.
3650 4093 3901 4160 Matth.
3957 4093 4068 4162 IX
4119 4102 4148 4178 ,'
4220 4100 4342 4162 ¹8.-

1605 4186 1652 4263 .)
1681 4182 1802 4245 illo
1835 4179 2034 4262 longe
2051 4176 2441 4240 distinctius
2484 4195 2566 4240 ac
2607 4178 2981 4260 perfectius
3014 4196 3405 4255 enarrasse,
3448 4177 3603 4260 quis
3636 4187 3773 4257 est,
3826 4178 4182 4257 quineget.
4243 4185 4345 4251 Ita

1520 4287 1575 4330 e.
1602 4282 1665 4347 g.
1709 4262 1754 4325 J
1758 4261 1948 4324 airus
1991 4259 2386 4321 nominatur
2427 4266 2499 4323 et
2537 4278 2680 4342 quo,
2721 4261 2996 4323 functus
3036 4262 3130 4322 sit
3170 4276 3452 4321 munere
3495 4256 3939 4339 perhibetur,
3992 4259 4116 4343 ubi
4154 4262 4340 4345 apud

1592 4466 1655 4531 ί)
1736 4461 1821 4514 Cf.
1845 4459 2013 4511 ,Stes-r
2036 4459 2157 4516 ab„
2179 4457 2285 4510 den
2318 4451 2516 4510 Zweck
2549 4454 2644 4509 der
2683 4475 2764 4509 ev.
2803 4454 2995 4522 Geseh,
3031 4473 3088 4515 n.
3117 4416 3213 4510 der
3247 4455 3335 4512 nr.
3383 4455 3507 4508 Joh.
3549 4450 3747 4523 9303.
3817 4452 3878 4520 2)
3924 4428 4172 4508 schottus
4209 4453 4341 4512 Cel.

1735 4531 2007 4585 assentitus
2034 4527 2262 4583 eandesn
2293 4530 2536 4597 repetivit
2572 4529 2990 4597 observationem
3007 4530 3082 4603 ja
3110 4531 3200 4585 Ll-
3215 4530 3396 4602 =.1²·-⁷⁷·
3449 4570 3454 4577 .
3629 4576 3634 4583 .
4145 4578 4152 4589 ,
