4942 5884
1539 787 2109 877 suppeditabatur
2147 801 2310 847 ansa
2350 781 2690 866 evangelii
2709 780 3126 847 Christianis
3150 785 3452 848 externis
3476 800 3718 866 graece
3742 782 4093 847 scribendi
4132 819 4209 836 —
4233 784 4359 848 Re-

1536 874 1826 938 lationes
1870 888 2040 932 vero
2083 863 2485 930 traditionis
2528 865 2783 928 veteris
2828 861 2912 925 de
2953 875 3297 947 tempore,
3360 885 3496 947 quo
3525 867 3991 944 conscriptum
4033 866 4126 927 sit
4169 863 4363 929 Mat·

1535 953 1728 1019 thaei
1770 950 2200 1033 evangelium
2246 944 2646 1028 diligentius
2700 954 3210 1026 perscrutantes
3282 948 3495 1009 variis
3554 963 3715 1007 sane
3775 947 4138 1006 irretimur
4197 944 4364 1007 diffi-

1541 1032 1936 1098 saltatibus.
2011 1029 2222 1092 Caute
2268 1024 2383 1086 hic
2426 1041 2698 1106 quoque
2741 1023 3278 1105 observandum,
3320 1027 3598 1088 Patrum
3645 1024 3885 1087 eccles.
3932 1022 4015 1086 de
4058 1034 4190 1087 tem
4244 1044 4365 1086 ore

1542 1112 1666 1177 illo
1708 1109 2099 1174 testimonia
2140 1104 2613 1167 tantummodo
2657 1112 2965 1186 spectare
2989 1103 3077 1166 ad
3101 1108 3521 1169 aramaicum
3542 1104 3885 1167 Matthaei
3928 1124 4186 1191 evange
4216 1109 4361 1166 ium

1542 1196 1821 1275 ejusque
1864 1189 2323 1267 scriptionem.
2406 1186 2633 1266 Quum
2682 1193 2911 1246 autem
2955 1184 3332 1248 secundum
3374 1206 3488 1265 ea,
3555 1203 3728 1269 quae
3787 1203 3996 1266 supra
4051 1184 4362 1268 disputa·

1542 1276 1808 1347 vimus,
1855 1266 2196 1330 Matthaei
2240 1263 2672 1347 evangelium
2732 1282 3055 1347 graecum
3118 1276 3432 1328 nostrum
3491 1285 3628 1328 non
3689 1267 3782 1328 sit
3834 1269 4065 1327 versio
4124 1265 4365 1328 arche-

1544 1355 1697 1434 typi
1738 1350 1924 1411 illius
1968 1347 2335 1421 aramaici,
2398 1343 2514 1405 sed
2561 1361 2806 1422 graece
2851 1341 3291 1428 originaliter
3333 1349 3831 1427 conscriptum,
3893 1348 4366 1409 testimonium

1541 1431 1627 1494 de
1667 1439 1999 1510 tempore,
2046 1445 2182 1508 quo
2226 1424 2360 1486 hoc
2387 1423 2614 1485 literis
2650 1425 3121 1507 consignatum
3158 1428 3271 1501 sit,
3315 1435 3539 1488 exstat
3568 1427 3849 1487 omnino
3881 1425 4184 1500 nullum,
4227 1447 4363 1508 qua

1543 1510 1630 1575 de
1671 1528 1879 1573 eausa
1918 1506 2469 1588 disquisitionem
2514 1503 2688 1564 hanc
2732 1501 2820 1564 ad
2860 1504 3003 1566 sola
3045 1503 3307 1567 indicia
3348 1502 3691 1591 evangelii
3733 1506 4002 1567 interna
4027 1509 4364 1568 constrin-

1545 1588 1836 1679 gendam
1877 1607 1956 1649 ac
1994 1595 2213 1649 totam
2259 1586 2360 1647 ita
2402 1581 2946 1645 distribuendam
2991 1604 3135 1647 esse
3197 1603 3588 1660 censemus,
3656 1593 3737 1647 ut
3800 1586 4169 1666 separatim
4229 1584 4363 1649 dis-

1544 1678 1859 1753 ceptetur
1932 1665 2016 1730 de
2069 1676 2410 1747 tempore,
2469 1681 2605 1745 quo
2651 1663 3043 1726 Matthaeus
3091 1684 3197 1747 ap.
3243 1666 3676 1751 evangelium
3733 1667 4149 1728 aramaicum
4208 1666 4365 1728 lite-

1544 1755 1648 1815 ris
1704 1749 2219 1833 consignaverit
2284 1753 2356 1807 et
2410 1741 2494 1804 de
2554 1761 2669 1821 eo,
2722 1761 2857 1825 quo
2928 1743 3476 1809 Matthaeianum
3531 1754 3844 1808 nostrum
3901 1746 4368 1843 conscriptum

1546 1834 1762 1894 sit.-
1791 1827 1948 1890 Duo
1976 1826 2253 1888 Patrum
2296 1825 2727 1901 testimonia,
2790 1822 2902 1887 hic
2944 1827 3017 1886 in
3064 1825 3432 1888 discrimen
3473 1823 3783 1889 vocanda
3822 1827 3923 1900 ²),
3967 1826 4131 1889 satis
4174 1824 4365 1889 mde-

1546 1912 1743 1973 finita
1784 1916 1945 1970 sunt
1984 1915 2188 1987 atque
2217 1902 2386 1968 adeo
2423 1906 2609 1964 inter
2636 1921 2711 1963 se
2754 1921 2794 1984 p
2854 1924 3062 1967 enare
3104 1904 3451 1970 videntur.
3509 1906 3828 1967 Irenaeus
3873 1902 4055 1986 (adv.
4104 1905 4367 1967 haeres.

1547 1991 1684 2067 111,
1745 1991 1802 2050 1.
1850 1984 1989 2052 vid.
2008 1982 2178 2065 §.3.)
2243 1982 2595 2067 perhibet,
2667 1983 2851 2046 Matt
2902 2003 3100 2047 asum
3167 1986 3736 2049 commentarium
3804 1986 4027 2048 literis
4096 1988 4287 2047 consi
4335 2021 4365 2038 ‹-

1546 2087 1740 2133 nasse
1784 2068 1989 2130 Petro
2032 2074 2101 2127 et
2142 2064 2354 2127 Paulo
2398 2063 2652 2126 Romae
2694 2082 2865 2126 evan
2917 2065 3363 2140 elisantibus3
3405 2065 3956 2128 Eusebiusvero:
4020 2065 4114 2145 (h.
4153 2084 4211 2126 e.
4247 2064 4269 2126 Ι

1546 2151 1690 2228 22⁸.)
1730 2157 2045 2212 nostrum
2084 2145 2468 2227 scripsisse,
2529 2162 2738 2225 quum
2783 2084 3233 2208 Palaestinam
3276 2145 3731 2207 derelicturus
3775 2155 3970 2207 esset.
4077 2145 4365 2228 Quaeri-

1544 2241 1667 2295 tur
1707 2231 1972 2310 itaque,
2039 2244 2333 2307 quonam
2373 2232 2687 2305 tempore
2731 2223 2971 2286 Petrus
3014 2235 3083 2288 et
3120 2226 3366 2293 Paulus
3408 2224 3838 2308 evangelium
3869 2222 4127 2289 Romae
4168 2243 4364 2307 prae-

1548 2309 1899 2374 dicarint?
1966 2306 2287 2367 Historia
2331 2302 2505 2366 duce
2550 2304 2842 2366 certiori
2888 2308 3241 2390 magisque
3284 2304 3636 2387 explorata
3694 2302 4134 2387 (quamquam
4199 2304 4366 2368 haec

1549 2402 1697 2454 tota
1739 2407 1850 2450 res
1895 2389 2191 2448 maxima
2234 2402 2394 2446 sane
2436 2384 2734 2464 caligine
2776 2395 3101 2465 cooperta
3143 2390 3275 2463 est)
3321 2403 3457 2447 non
3500 2393 3657 2446 ante
3701 2388 4062 2466 septimum
4115 2404 4289 2447 saec.
4313 2386 4369 2447 1.

1548 2469 1976 2535 decennium.
2060 2463 2455 2527 Matthaeus
2498 2472 2726 2526 autem
2768 2463 3216 2528 Palaestinam
3259 2467 3464 2550 longe
3505 2473 3695 2526 certo
3741 2467 4081 2527 maturius
4124 2462 4375 2527 dereli-

1554 2554 1739 2634 quit,
1812 2566 2004 2616 nam,
2057 2546 2120 2605 si
2175 2544 2512 2605 Actorum
2553 2544 2660 2625 Ap
2711 2586 2728 2605 .
2787 2548 3096 2625 sequaris
3161 2546 3414 2613 relata,
3484 2544 3618 2623 jam
3676 2555 3869 2607 sexto
3940 2563 4116 2609 saec.
4147 2549 4193 2605 1.
4256 2544 4369 2608 de-

1548 2631 1798 2695 cennio
1843 2623 2331 2708 Apostolorum
2390 2623 2576 2684 solus
2707 2624 3139 2705 ierosolymis
3196 2625 3602 2688 versabatur
3656 2623 3954 2688 Jacobus
3988 2624 4072 2699 ³).
4158 2624 4372 2688 'l'anti

1601 2727 1766 2773 orro
1810 2705 2153 2769 Matthaei
2194 2723 2298 2786 ap.
2345 2703 2773 2787 evangelium
2815 2704 2890 2764 in
2937 2704 3314 2768 Palaestina
3366 2704 3811 2787 praedicandi
3865 2703 4117 2781 studii,
4190 2704 4374 2787 quod

1550 2729 1788 2854 l'audat
1827 2794 2026 2848 vetus
2066 2782 2391 2861 traditio,
2454 2785 2529 2844 in
2586 2782 2779 2845 Actis
2833 2784 3006 2866 App.
3069 2783 3251 2849 haud
3307 2786 3596 2849 obseura
3662 2793 3848 2848 certe
3905 2786 4370 2848 inveniremus

1552 2870 1870 2953 vestigia.
1912 2862 2082 2944 (vid.
2126 2882 2333 2946 supra
2375 2859 2432 2943 ᾗ.
2455 2865 2512 2927 1.
2554 2871 2693 2929 not.
2719 2863 2810 2941 5.)
2869 2873 2878 2880 ·
2954 2864 3094 2927 uod
3133 2884 3303 2929 vero
3347 2864 3432 2927 ad
3479 2869 3733 2926 veteris
3777 2863 4102 2926 ecclesiae
4155 2865 4369 2927 tradi-

1553 2952 1820 3015 tionem
1865 2947 2113 3007 attinet
2151 2946 2317 3006 satis
2361 2943 2719 3026 vulgarem
2764 2961 2846 3006 ac
2936 2945 3240 3009 ilatatam
3282 2945 3433 3027 (vid
3473 2947 3866 3007 testimonia
3909 2963 4019 3026 ap.
4063 2943 4147 3006 de
4166 2945 4372 3009 Wet-

1550 3033 1726 3095 tium
1770 3029 1842 3088 iu
1886 3025 1992 3088 1.1.
2038 3044 2102 3105 p.
2127 3025 2264 3091 177.
2309 3024 2435 3086 sub
2479 3024 2732 3102 lit.e.),
2775 3021 3213 3087 Matthaeum
3244 3026 3811 3107 evangelistarum
3878 3026 4136 3085 rimum
4161 3028 4375 3106 scrip-

1553 3111 1768 3186 sisse,
1835 3106 2193 3168 verissima
2269 3102 2545 3185 quidem
2598 3122 2742 3165 esse
2779 3112 3063 3245 stotest,
3137 3106 3362 3187 quoad
3416 3108 3723 3167 refertur
3782 3124 3845 3165 a«
3922 3104 4378 3188 archetypum

1554 3189 2017 3257 aramaicum3
2076 3202 2292 3265 neque
2351 3190 2582 3243 autem
2636 3181 2723 3244 ad
2864 3183 3121 3247 atthaei
3174 3185 3602 3269 evangelium
3673 3203 3994 3269 graecum
4058 3194 4376 3247 nostrum

1555 3270 1896 3352 pertinet,
1940 3282 2153 3345 quum
2197 3263 2426 3326 evinci
2468 3271 2797 3345 nequeat,
2832 3262 3048 3328 hocce
3093 3268 3477 3329 versionem
3523 3265 3709 3329 illius
3751 3284 3896 3328 esse
3937 3267 4363 3329 continuam.

2837 3443 2897 3528 §-
2984 3447 3081 3511 15.

1718 3561 2083 3659 Temporis
2122 3577 2323 3631 vero,
2368 3577 2507 3641 quo
2552 3558 2897 3624 Matthaei
2922 3562 3349 3642 evangelium
3386 3580 3707 3646 graecum
3740 3560 3966 3622 literis
4012 3564 4380 3646 consigna-

1552 3658 1703 3712 tum
1744 3646 1838 3705 sit
1890 3640 2149 3703 indicia
2208 3637 2590 3703 definitain
2650 3660 2756 3708 ev.
2817 3645 2963 3725 ipso
3017 3643 3206 3704 nulla
3266 3663 3341 3704 re
3391 3646 3604 3719 eriri,
3681 3639 4006 3704 dolemus.
4104 3642 4380 3723 Hugius

1552 3723 1875 3812 quidem.
1933 3722 2069 3784 Vir
2114 3719 2506 3793 eruditiss.,
2612 3721 2766 3785 lura
2808 3721 3200 3804 hujusmodi
3240 3725 3313 3784 in
3363 3724 3497 3785 icia
3539 3719 3869 3785 laudabili
3914 3740 4076 3784 sane
4117 3723 4380 3801 ingenii

1553 3806 1871 3871 acumine
1913 3798 2175 3864 detexit
2267 3796 2369 3881 (iu
2414 3799 2526 3865 l.l.
2567 3740 2669 3874 fl,
2723 3798 2926 3882 §.5.),
2984 3820 3160 3883 ques
3200 3821 3369 3866 vero
3413 3802 3814 3888 diligentius
3867 3813 4220 3883 perspecta
4281 3805 4382 3865 nil

1554 3888 1731 3952 certi
1772 3882 2085 3968 probant.
2169 3844 2430 3944 §tatuit
2485 3902 2546 3944 e.
2585 3901 2653 3967 g.
2712 3884 2903 3963 c.27,
2975 3884 3053 3949 15
3113 3882 3380 3947 verbis:
3437 3882 3647 3961 „aerei
3697 3883 3766 3946 δὲ
3821 3881 4035 3962 lepris
4090 3879 4293 3948 slsffiss
4345 3883 4386 3948 ο·

1550 3964 1801 4049 ἡγεμὼν
1853 3961 2147 4027 ἀπολύων
2213 3962 2327 4024 eus
2381 3961 2471 4047 τῷ
2520 3956 2699 4046 ὄχλῳ
2757 3966 3034 4043 δέσμιον,
3115 3958 3188 4029 ὅν
3224 3959 3489 4041 53⁸2·st
3546 3959 3884 4042 indicari,
3949 3961 4385 4028 Matthaeum

1555 4046 2078 4133 praesumsisse,
2133 4040 2424 4105 lectores
2482 4042 2659 4108 hanc
2714 4063 2899 4124 rem,
2972 4043 3467 4110 cousuetudine
3542 4043 3921 4116 firmatam,
4008 4045 4145 4124 jam
4207 4046 4384 4108 obli-

1642 4266 1701 4337 2)
1747 4261 2033 4330 Nicephori
2088 4261 2257 4320 enim,
2326 4256 2549 4309 Cosmae
2609 4250 2869 4319 ladicopl.
2889 4286 2907 4311 ,
2973 4250 3291 4321 neophyt,
3343 4252 3614 4319 Euthymii
3651 4251 3906 4318 Zigabeni
3966 4248 4275 4304 testimonii
4316 4252 4382 4302 ab

1766 4331 2126 4412 Btehhornio,
2186 4325 2416 4395 (Ei-tl.
2450 4343 2505 4393 Ρ.
2532 4324 2683 4392 505.)
2732 4338 2789 4375 et
2832 4321 3119 4375 nortboldo
3182 4324 3350 4390 (Ei-1.
3400 4321 3704 4391 Ill-1266.)
3736 4321 3978 4386 laudata,
4011 4323 4222 4379 minimi
4262 4338 4388 4373 mo-

1767 4404 1935 4456 menti
1968 4418 2085 4466 jure
2139 4401 2499 4452 sentimum.

1626 4499 1690 4568 3)
1767 4490 2498 4633 {idio-Pffiusoflxegetigeh,
2527 4487 2822 4543 Haadhueh
2847 4485 2979 4544 '1⁸01-
3022 4486 3141 4546 151.
3190 4489 3349 4558 1³3⁰·
3395 4486 3552 4556 §.15.
3585 4486 3680 4540 tbi
3714 4485 3959 4540 dissenit
4007 4484 4076 4538 de
4134 4483 4249 4544 Aa.
4297 4484 4386 4548 1⁵,
