<?xml version="1.0" encoding="UTF-8"?>
<!DOCTYPE html PUBLIC "-//W3C//DTD XHTML 1.0 Transitional//EN"
    "http://www.w3.org/TR/xhtml1/DTD/xhtml1-transitional.dtd">
<html xmlns="http://www.w3.org/1999/xhtml" xml:lang="en" lang="en">
 <head>
  <title>
</title>
<meta http-equiv="Content-Type" content="text/html;charset=utf-8" />
  <meta name='ocr-system' content='tesseract 3.04.00' />
  <meta name='ocr-capabilities' content='ocr_page ocr_carea ocr_par ocr_line ocrx_word'/>
</head>
<body>
  <div class='ocr_page' id='page_1' title='image "./recentioresdeau00klengoog_0020.png"; bbox 0 0 4942 5884; ppageno 0'>
   <div class='ocr_carea' id='block_1_1' title="bbox 2624 553 3137 834">
    <p class='ocr_par' dir='ltr' id='par_1_1' title="bbox 2624 553 3137 834">
     <span class='ocr_line' id='line_1_1' title="bbox 2624 553 3137 629; baseline -0.004 -18"><span class='ocrx_word' id='word_1_1' title='bbox 2624 588 2728 611; x_wconf 70' lang='grc' dir='ltr'><strong>ι..</strong></span> <span class='ocrx_word' id='word_1_2' title='bbox 2833 553 2934 629; x_wconf 75' lang='lat'><strong>12</strong></span> <span class='ocrx_word' id='word_1_3' title='bbox 3034 591 3137 609; x_wconf 88' lang='lat'><strong>...-</strong></span> 
     </span>
     <span class='ocr_line' id='line_1_2' title="bbox 2801 752 3003 834; baseline -0.005 -14"><span class='ocrx_word' id='word_1_4' title='bbox 2801 752 2861 834; x_wconf 63' lang='grc' dir='ltr'><strong>ξ.</strong></span> <span class='ocrx_word' id='word_1_5' title='bbox 2938 756 3003 822; x_wconf 92' lang='grc'><strong>7.</strong></span> 
     </span>
    </p>
   </div>
   <div class='ocr_carea' id='block_1_2' title="bbox 1492 866 4354 3504">
    <p class='ocr_par' dir='ltr' id='par_1_2' title="bbox 1498 866 4346 1671">
     <span class='ocr_line' id='line_1_3' title="bbox 1669 866 4346 954; baseline -0.002 -19"><span class='ocrx_word' id='word_1_6' title='bbox 1669 870 1988 935; x_wconf 84' lang='lat' dir='ltr'><strong>Tertium</strong></span> <span class='ocrx_word' id='word_1_7' title='bbox 2032 870 2364 954; x_wconf 83' lang='lat' dir='ltr'><strong>denique,</strong></span> <span class='ocrx_word' id='word_1_8' title='bbox 2423 870 2608 953; x_wconf 89' lang='lat' dir='ltr'><strong>quod</strong></span> <span class='ocrx_word' id='word_1_9' title='bbox 2651 869 3119 932; x_wconf 82' lang='lat' dir='ltr'><strong>adhibuerunt</strong></span> <span class='ocrx_word' id='word_1_10' title='bbox 3164 866 3521 951; x_wconf 76' lang='lat' dir='ltr'><strong>archetypi</strong></span> <span class='ocrx_word' id='word_1_11' title='bbox 3565 872 3893 933; x_wconf 83' lang='lat' dir='ltr'><strong>aramaici</strong></span> <span class='ocrx_word' id='word_1_12' title='bbox 3952 889 4346 953; x_wconf 66' lang='lat' dir='ltr'><strong>propugna-</strong></span> 
     </span>
     <span class='ocr_line' id='line_1_4' title="bbox 1503 949 4334 1036; baseline -0.001 -19"><span class='ocrx_word' id='word_1_13' title='bbox 1503 960 1727 1029; x_wconf 76' lang='lat' dir='ltr'><strong>toros,</strong></span> <span class='ocrx_word' id='word_1_14' title='bbox 1785 962 2261 1036; x_wconf 79' lang='lat' dir='ltr'><strong>argumentum</strong></span> <span class='ocrx_word' id='word_1_15' title='bbox 2305 961 2550 1029; x_wconf 87' lang='lat' dir='ltr'><strong>restat,</strong></span> <span class='ocrx_word' id='word_1_16' title='bbox 2613 972 2697 1013; x_wconf 84' lang='lat' dir='ltr'><strong>ex</strong></span> <span class='ocrx_word' id='word_1_17' title='bbox 2737 953 2904 1012; x_wconf 88' lang='lat' dir='ltr'><strong>satis</strong></span> <span class='ocrx_word' id='word_1_18' title='bbox 2963 949 3075 1010; x_wconf 86' lang='lat' dir='ltr'><strong>lon</strong></span> <span class='ocrx_word' id='word_1_19' title='bbox 3128 966 3168 1009; x_wconf 87' lang='lat' dir='ltr'><strong>a</strong></span> <span class='ocrx_word' id='word_1_20' title='bbox 3209 966 3543 1010; x_wconf 87' lang='lat' dir='ltr'><strong>annorum</strong></span> <span class='ocrx_word' id='word_1_21' title='bbox 3599 954 3779 1011; x_wconf 86' lang='lat' dir='ltr'><strong>serie</strong></span> <span class='ocrx_word' id='word_1_22' title='bbox 3888 954 4334 1017; x_wconf 87' lang='lat' dir='ltr'><strong>ravissimum</strong></span> 
     </span>
     <span class='ocr_line' id='line_1_5' title="bbox 1507 1030 4341 1112; baseline 0.001 -16"><span class='ocrx_word' id='word_1_23' title='bbox 1507 1030 1945 1096; x_wconf 77' lang='lat' dir='ltr'><strong>contendunt</strong></span> <span class='ocrx_word' id='word_1_24' title='bbox 1985 1034 2348 1110; x_wconf 81' lang='lat' dir='ltr'><strong>nimirum,</strong></span> <span class='ocrx_word' id='word_1_25' title='bbox 2406 1033 2818 1096; x_wconf 78' lang='lat' dir='ltr'><strong>Matthaeum</strong></span> <span class='ocrx_word' id='word_1_26' title='bbox 2859 1036 3089 1110; x_wconf 78' lang='lat' dir='ltr'><strong>aposto</strong></span> <span class='ocrx_word' id='word_1_27' title='bbox 3114 1048 3222 1090; x_wconf 81' lang='lat' dir='ltr'><strong>am</strong></span> <span class='ocrx_word' id='word_1_28' title='bbox 3257 1030 3327 1091; x_wconf 81' lang='lat' dir='ltr'><strong>in</strong></span> <span class='ocrx_word' id='word_1_29' title='bbox 3371 1030 3658 1093; x_wconf 76' lang='lat' dir='ltr'><strong><em>citandis</em></strong></span> <span class='ocrx_word' id='word_1_30' title='bbox 3731 1031 3804 1095; x_wconf 89' lang='lat' dir='ltr'><strong>V.</strong></span> <span class='ocrx_word' id='word_1_31' title='bbox 3907 1079 3921 1093; x_wconf 91' lang='lat'><strong>.</strong></span> <span class='ocrx_word' id='word_1_32' title='bbox 3966 1031 4208 1112; x_wconf 78' lang='lat' dir='ltr'><strong>effatis</strong></span> <span class='ocrx_word' id='word_1_33' title='bbox 4257 1054 4341 1100; x_wconf 80' lang='lat' dir='ltr'><strong>ac</strong></span> 
     </span>
     <span class='ocr_line' id='line_1_6' title="bbox 1501 1107 4337 1182; baseline 0.001 -6"><span class='ocrx_word' id='word_1_34' title='bbox 1501 1114 1835 1176; x_wconf 77' lang='lat' dir='ltr'><strong>vaticiniis</strong></span> <span class='ocrx_word' id='word_1_35' title='bbox 1877 1133 2005 1177; x_wconf 78' lang='lat' dir='ltr'><strong>non</strong></span> <span class='ocrx_word' id='word_1_36' title='bbox 2052 1112 2143 1176; x_wconf 86' lang='lat' dir='ltr'><strong>ad</strong></span> <span class='ocrx_word' id='word_1_37' title='bbox 2194 1114 2549 1175; x_wconf 80' lang='lat' dir='ltr'><strong><em>versionem</em></strong></span> <span class='ocrx_word' id='word_1_38' title='bbox 2593 1110 3097 1175; x_wconf 81' lang='lat' dir='ltr'><strong>Alexandrinam</strong></span> <span class='ocrx_word' id='word_1_39' title='bbox 3117 1155 3137 1182; x_wconf 93' lang='lat'>‚</span> <span class='ocrx_word' id='word_1_40' title='bbox 3213 1107 3329 1171; x_wconf 82' lang='lat' dir='ltr'><strong>sed</strong></span> <span class='ocrx_word' id='word_1_41' title='bbox 3371 1109 3463 1172; x_wconf 89' lang='lat' dir='ltr'><strong>ad</strong></span> <span class='ocrx_word' id='word_1_42' title='bbox 3516 1117 3760 1173; x_wconf 79' lang='lat' dir='ltr'><strong>textum</strong></span> <span class='ocrx_word' id='word_1_43' title='bbox 3819 1109 4162 1175; x_wconf 76' lang='lat' dir='ltr'><strong>hebraeam</strong></span> <span class='ocrx_word' id='word_1_44' title='bbox 4206 1118 4337 1178; x_wconf 77' lang='lat' dir='ltr'><strong>ori-</strong></span> 
     </span>
     <span class='ocr_line' id='line_1_7' title="bbox 1501 1188 4334 1274; baseline -0.002 -18"><span class='ocrx_word' id='word_1_45' title='bbox 1501 1194 1785 1274; x_wconf 78' lang='lat' dir='ltr'><strong>ginalem</strong></span> <span class='ocrx_word' id='word_1_46' title='bbox 1835 1193 2230 1274; x_wconf 78' lang='lat' dir='ltr'><em>confugisse.</em></span> <span class='ocrx_word' id='word_1_47' title='bbox 2325 1190 2934 1264; x_wconf 68' lang='lat' dir='ltr'><strong>Eichhorniusfin</strong></span> <span class='ocrx_word' id='word_1_48' title='bbox 2978 1188 3018 1249; x_wconf 92' lang='lat' dir='ltr'><strong>l.</strong></span> <span class='ocrx_word' id='word_1_49' title='bbox 3092 1188 3269 1249; x_wconf 88' lang='lat' dir='ltr'><strong>Einl.</strong></span> <span class='ocrx_word' id='word_1_50' title='bbox 3334 1191 3439 1249; x_wconf 87' lang='lat' dir='ltr'><strong>ins</strong></span> <span class='ocrx_word' id='word_1_51' title='bbox 3496 1189 3585 1251; x_wconf 90' lang='lat' dir='ltr'><strong>N.</strong></span> <span class='ocrx_word' id='word_1_52' title='bbox 3633 1189 3713 1251; x_wconf 86' lang='lat' dir='ltr'><strong>T.</strong></span> <span class='ocrx_word' id='word_1_53' title='bbox 3763 1190 3816 1254; x_wconf 88' lang='lat'><strong>1.</strong></span> <span class='ocrx_word' id='word_1_54' title='bbox 3861 1211 3928 1274; x_wconf 84' lang='lat' dir='ltr'><strong>p.</strong></span> <span class='ocrx_word' id='word_1_55' title='bbox 3973 1190 4093 1254; x_wconf 72' lang='lat'><strong>1⁸69</strong></span> <span class='ocrx_word' id='word_1_56' title='bbox 4161 1196 4334 1274; x_wconf 84' lang='lat' dir='ltr'><strong>sqq.)</strong></span> 
     </span>
     <span class='ocr_line' id='line_1_8' title="bbox 1510 1268 4335 1354; baseline 0 -21"><span class='ocrx_word' id='word_1_57' title='bbox 1510 1272 1829 1334; x_wconf 87' lang='lat' dir='ltr'><strong>concedit</strong></span> <span class='ocrx_word' id='word_1_58' title='bbox 1872 1269 2188 1354; x_wconf 85' lang='lat' dir='ltr'><strong>quidem,</strong></span> <span class='ocrx_word' id='word_1_59' title='bbox 2233 1268 2301 1331; x_wconf 91' lang='lat' dir='ltr'><strong>in</strong></span> <span class='ocrx_word' id='word_1_60' title='bbox 2350 1269 2695 1331; x_wconf 77' lang='lat' dir='ltr'><strong>Matthaei</strong></span> <span class='ocrx_word' id='word_1_61' title='bbox 2756 1268 3095 1348; x_wconf 87' lang='lat' dir='ltr'><strong>evangelii</strong></span> <span class='ocrx_word' id='word_1_62' title='bbox 3150 1268 3497 1349; x_wconf 88' lang='lat' dir='ltr'><strong>partibus,</strong></span> <span class='ocrx_word' id='word_1_63' title='bbox 3546 1289 3626 1330; x_wconf 82' lang='lat' dir='ltr'><strong>ex</strong></span> <span class='ocrx_word' id='word_1_64' title='bbox 3683 1272 4042 1351; x_wconf 81' lang='lat' dir='ltr'><strong>evangelio</strong></span> <span class='ocrx_word' id='word_1_65' title='bbox 4098 1273 4335 1351; x_wconf 87' lang='lat' dir='ltr'><strong>primi-</strong></span> 
     </span>
     <span class='ocr_line' id='line_1_9' title="bbox 1501 1350 4328 1433; baseline 0 -20"><span class='ocrx_word' id='word_1_66' title='bbox 1501 1352 1651 1413; x_wconf 86' lang='lat' dir='ltr'><strong>tivo</strong></span> <span class='ocrx_word' id='word_1_67' title='bbox 1687 1353 1957 1433; x_wconf 84' lang='lat' dir='ltr'><strong>petitis,</strong></span> <span class='ocrx_word' id='word_1_68' title='bbox 2024 1351 2253 1413; x_wconf 87' lang='lat' dir='ltr'><strong>Marci</strong></span> <span class='ocrx_word' id='word_1_69' title='bbox 2301 1351 2670 1431; x_wconf 82' lang='lat' dir='ltr'>Lucaeque</span> <span class='ocrx_word' id='word_1_70' title='bbox 2715 1350 3083 1426; x_wconf 86' lang='lat' dir='ltr'><strong>evangeliis</strong></span> <span class='ocrx_word' id='word_1_71' title='bbox 3128 1350 3599 1410; x_wconf 79' lang='lat' dir='ltr'><strong>communibus</strong></span> <span class='ocrx_word' id='word_1_72' title='bbox 3667 1359 3736 1411; x_wconf 90' lang='lat' dir='ltr'><strong>et</strong></span> <span class='ocrx_word' id='word_1_73' title='bbox 3789 1353 3924 1430; x_wconf 89' lang='lat' dir='ltr'><strong>jam</strong></span> <span class='ocrx_word' id='word_1_74' title='bbox 3988 1355 4328 1414; x_wconf 89' lang='lat' dir='ltr'><strong>maturius</strong></span> 
     </span>
     <span class='ocr_line' id='line_1_10' title="bbox 1499 1429 4336 1516; baseline 0 -24"><span class='ocrx_word' id='word_1_75' title='bbox 1499 1431 1574 1492; x_wconf 72' lang='lat' dir='ltr'><strong>in</strong></span> <span class='ocrx_word' id='word_1_76' title='bbox 1619 1449 1928 1516; x_wconf 78' lang='lat' dir='ltr'><strong>graecum</strong></span> <span class='ocrx_word' id='word_1_77' title='bbox 1984 1448 2359 1491; x_wconf 86' lang='lat' dir='ltr'><strong>sermonem</strong></span> <span class='ocrx_word' id='word_1_78' title='bbox 2403 1430 2793 1499; x_wconf 75' lang='lat' dir='ltr'><strong>translatis,</strong></span> <span class='ocrx_word' id='word_1_79' title='bbox 2829 1430 3235 1499; x_wconf 78' lang='lat' dir='ltr'><strong>¹versionem</strong></span> <span class='ocrx_word' id='word_1_80' title='bbox 3283 1429 3474 1491; x_wconf 77' lang='lat' dir='ltr'><strong>Alex.</strong></span> <span class='ocrx_word' id='word_1_81' title='bbox 3519 1431 3728 1490; x_wconf 85' lang='lat' dir='ltr'><strong>fuisse</strong></span> <span class='ocrx_word' id='word_1_82' title='bbox 3771 1441 4168 1511; x_wconf 77' lang='lat' dir='ltr'><strong>usurpatam</strong></span> <span class='ocrx_word' id='word_1_83' title='bbox 4227 1432 4336 1494; x_wconf 73' lang='lat' dir='ltr'><strong>vel</strong></span> 
     </span>
     <span class='ocr_line' id='line_1_11' title="bbox 1499 1507 4331 1591; baseline 0 -19"><span class='ocrx_word' id='word_1_84' title='bbox 1499 1510 1736 1572; x_wconf 87' lang='lat' dir='ltr'><strong>saltem</strong></span> <span class='ocrx_word' id='word_1_85' title='bbox 1794 1511 2229 1578; x_wconf 80' lang='lat' dir='ltr'><strong>alterutrius.</strong></span> <span class='ocrx_word' id='word_1_86' title='bbox 2270 1518 2496 1570; x_wconf 83' lang='lat' dir='ltr'><strong>textus</strong></span> <span class='ocrx_word' id='word_1_87' title='bbox 2540 1508 2899 1591; x_wconf 84' lang='lat' dir='ltr'><strong>originalis</strong></span> <span class='ocrx_word' id='word_1_88' title='bbox 2942 1516 3062 1566; x_wconf 88' lang='lat' dir='ltr'><strong>aut</strong></span> <span class='ocrx_word' id='word_1_89' title='bbox 3103 1509 3443 1567; x_wconf 80' lang='lat' dir='ltr'><strong>versionis</strong></span> <span class='ocrx_word' id='word_1_90' title='bbox 3487 1507 3870 1585; x_wconf 82' lang='lat' dir='ltr'><strong>adhibitae,</strong></span> <span class='ocrx_word' id='word_1_91' title='bbox 3931 1510 4331 1572; x_wconf 86' lang='lat' dir='ltr'><strong>verisimili-</strong></span> 
     </span>
     <span class='ocr_line' id='line_1_12' title="bbox 1498 1586 4330 1671; baseline -0 -21"><span class='ocrx_word' id='word_1_92' title='bbox 1498 1590 1808 1650; x_wconf 81' lang='lat' dir='ltr'><strong>tudinem</strong></span> <span class='ocrx_word' id='word_1_93' title='bbox 1838 1610 1982 1650; x_wconf 90' lang='lat' dir='ltr'><strong>esse</strong></span> <span class='ocrx_word' id='word_1_94' title='bbox 2005 1610 2255 1671; x_wconf 90' lang='lat' dir='ltr'><strong>parem.</strong></span> <span class='ocrx_word' id='word_1_95' title='bbox 2300 1590 2432 1649; x_wconf 84' lang='lat' dir='ltr'><strong>His</strong></span> <span class='ocrx_word' id='word_1_96' title='bbox 2452 1607 2619 1649; x_wconf 87' lang='lat' dir='ltr'><strong>vero</strong></span> <span class='ocrx_word' id='word_1_97' title='bbox 2653 1588 3013 1663; x_wconf 78' lang='lat' dir='ltr'><strong>concessis,</strong></span> <span class='ocrx_word' id='word_1_98' title='bbox 3057 1588 3115 1646; x_wconf 87' lang='lat' dir='ltr'><strong>si</strong></span> <span class='ocrx_word' id='word_1_99' title='bbox 3135 1590 3596 1667; x_wconf 83' lang='lat' dir='ltr'><strong>quaestionem</strong></span> <span class='ocrx_word' id='word_1_100' title='bbox 3626 1591 3921 1649; x_wconf 86' lang='lat' dir='ltr'><strong>strictim</strong></span> <span class='ocrx_word' id='word_1_101' title='bbox 3944 1586 4147 1649; x_wconf 88' lang='lat' dir='ltr'><strong>modo</strong></span> <span class='ocrx_word' id='word_1_102' title='bbox 4173 1609 4330 1670; x_wconf 88' lang='lat' dir='ltr'><strong>pro-</strong></span> 
     </span>
    </p>

    <p class='ocr_par' dir='ltr' id='par_1_3' title="bbox 1492 1667 4354 3504">
     <span class='ocr_line' id='line_1_13' title="bbox 1547 1667 4332 1750; baseline 0 -20"><span class='ocrx_word' id='word_1_103' title='bbox 1547 1672 1792 1730; x_wconf 86' lang='lat' dir='ltr'><strong>ositam</strong></span> <span class='ocrx_word' id='word_1_104' title='bbox 1825 1671 2213 1731; x_wconf 77' lang='lat' dir='ltr'><strong>accuratius</strong></span> <span class='ocrx_word' id='word_1_105' title='bbox 2257 1669 2711 1748; x_wconf 88' lang='lat' dir='ltr'><strong>spectaveris,</strong></span> <span class='ocrx_word' id='word_1_106' title='bbox 2772 1667 2902 1727; x_wconf 88' lang='lat' dir='ltr'><strong>hoc</strong></span> <span class='ocrx_word' id='word_1_107' title='bbox 2947 1685 3217 1746; x_wconf 81' lang='lat' dir='ltr'><strong>quoque</strong></span> <span class='ocrx_word' id='word_1_108' title='bbox 3261 1676 3770 1748; x_wconf 81' lang='lat' dir='ltr'><strong>argumentum,</strong></span> <span class='ocrx_word' id='word_1_109' title='bbox 3814 1672 4036 1750; x_wconf 92' lang='lat' dir='ltr'><strong>primo</strong></span> <span class='ocrx_word' id='word_1_110' title='bbox 4083 1668 4332 1731; x_wconf 88' lang='lat' dir='ltr'><strong>obtutu</strong></span> 
     </span>
     <span class='ocr_line' id='line_1_14' title="bbox 1554 1746 4331 1830; baseline 0.001 -23"><span class='ocrx_word' id='word_1_111' title='bbox 1554 1750 2000 1817; x_wconf 80' lang='lat' dir='ltr'><strong>rmissimum,</strong></span> <span class='ocrx_word' id='word_1_112' title='bbox 2058 1747 2495 1809; x_wconf 81' lang='lat' dir='ltr'><strong>vehementer</strong></span> <span class='ocrx_word' id='word_1_113' title='bbox 2528 1746 2964 1817; x_wconf 81' lang='lat' dir='ltr'><strong>debilitatur,</strong></span> <span class='ocrx_word' id='word_1_114' title='bbox 3019 1765 3228 1826; x_wconf 87' lang='lat' dir='ltr'><strong>quum</strong></span> <span class='ocrx_word' id='word_1_115' title='bbox 3289 1749 3624 1807; x_wconf 74' lang='lat' dir='ltr'><strong>sectiones</strong></span> <span class='ocrx_word' id='word_1_116' title='bbox 3685 1746 4079 1830; x_wconf 83' lang='lat' dir='ltr'><strong>designatae</strong></span> <span class='ocrx_word' id='word_1_117' title='bbox 4129 1750 4331 1830; x_wconf 86' lang='lat' dir='ltr'><strong>majo-</strong></span> 
     </span>
     <span class='ocr_line' id='line_1_15' title="bbox 1511 1822 4333 1910; baseline 0 -22"><span class='ocrx_word' id='word_1_118' title='bbox 1511 1845 1657 1889; x_wconf 89' lang='lat' dir='ltr'><strong>rem</strong></span> <span class='ocrx_word' id='word_1_119' title='bbox 1699 1827 2160 1889; x_wconf 86' lang='lat' dir='ltr'><strong>Matthaeiani</strong></span> <span class='ocrx_word' id='word_1_120' title='bbox 2190 1829 2411 1887; x_wconf 85' lang='lat' dir='ltr'><strong>nostri</strong></span> <span class='ocrx_word' id='word_1_121' title='bbox 2437 1834 2700 1907; x_wconf 89' lang='lat' dir='ltr'><strong>partem</strong></span> <span class='ocrx_word' id='word_1_122' title='bbox 2747 1822 3039 1885; x_wconf 86' lang='lat' dir='ltr'><strong>efficiant</strong></span> <span class='ocrx_word' id='word_1_123' title='bbox 3069 1825 3147 1901; x_wconf 85' lang='lat'><strong>¹).</strong></span> <span class='ocrx_word' id='word_1_124' title='bbox 3247 1827 3316 1885; x_wconf 83' lang='lat' dir='ltr'><strong>ln</strong></span> <span class='ocrx_word' id='word_1_125' title='bbox 3363 1826 3444 1885; x_wconf 85' lang='lat' dir='ltr'><strong>iis</strong></span> <span class='ocrx_word' id='word_1_126' title='bbox 3487 1845 3654 1887; x_wconf 77' lang='lat' dir='ltr'><strong>vero</strong></span> <span class='ocrx_word' id='word_1_127' title='bbox 3698 1826 3895 1900; x_wconf 86' lang='lat' dir='ltr'><strong>locis,</strong></span> <span class='ocrx_word' id='word_1_128' title='bbox 3940 1847 4112 1910; x_wconf 85' lang='lat' dir='ltr'><strong>quae</strong></span> <span class='ocrx_word' id='word_1_129' title='bbox 4155 1827 4333 1889; x_wconf 86' lang='lat' dir='ltr'><strong>Mat·</strong></span> 
     </span>
     <span class='ocr_line' id='line_1_16' title="bbox 1503 1902 4327 1985; baseline 0 -16"><span class='ocrx_word' id='word_1_130' title='bbox 1503 1905 1709 1969; x_wconf 86' lang='lat' dir='ltr'><strong>thaeo</strong></span> <span class='ocrx_word' id='word_1_131' title='bbox 1751 1905 1821 1967; x_wconf 87' lang='lat' dir='ltr'><strong>in</strong></span> <span class='ocrx_word' id='word_1_132' title='bbox 1867 1905 2260 1969; x_wconf 89' lang='lat' dir='ltr'><strong>adornando</strong></span> <span class='ocrx_word' id='word_1_133' title='bbox 2314 1902 2667 1984; x_wconf 81' lang='lat' dir='ltr'><strong>evangelio</strong></span> <span class='ocrx_word' id='word_1_134' title='bbox 2752 1905 3006 1965; x_wconf 81' lang='lat' dir='ltr'><strong>fuerint</strong></span> <span class='ocrx_word' id='word_1_135' title='bbox 3070 1924 3191 1985; x_wconf 89' lang='lat' dir='ltr'><strong>pro</strong></span> <span class='ocrx_word' id='word_1_136' title='bbox 3241 1904 3381 1985; x_wconf 87' lang='lat' dir='ltr'><strong>ria,</strong></span> <span class='ocrx_word' id='word_1_137' title='bbox 3440 1915 3702 1967; x_wconf 84' lang='lat' dir='ltr'><strong>textum</strong></span> <span class='ocrx_word' id='word_1_138' title='bbox 3765 1905 4190 1968; x_wconf 87' lang='lat' dir='ltr'><strong>solummodo</strong></span> <span class='ocrx_word' id='word_1_139' title='bbox 4235 1910 4327 1975; x_wconf 88' lang='lat' dir='ltr'><strong>V.</strong></span> 
     </span>
     <span class='ocr_line' id='line_1_17' title="bbox 1517 1985 4330 2069; baseline -0 -20"><span class='ocrx_word' id='word_1_140' title='bbox 1517 1985 1602 2050; x_wconf 88' lang='grc' dir='ltr'><strong>Τ.</strong></span> <span class='ocrx_word' id='word_1_141' title='bbox 1654 1985 2053 2049; x_wconf 85' lang='lat' dir='ltr'><strong>hebraicum</strong></span> <span class='ocrx_word' id='word_1_142' title='bbox 2098 1994 2496 2069; x_wconf 87' lang='lat' dir='ltr'><strong>usurpatum</strong></span> <span class='ocrx_word' id='word_1_143' title='bbox 2540 2001 2717 2061; x_wconf 86' lang='lat' dir='ltr'><strong>esse,</strong></span> <span class='ocrx_word' id='word_1_144' title='bbox 2778 1985 3128 2045; x_wconf 84' lang='lat' dir='ltr'><strong>contendit</strong></span> <span class='ocrx_word' id='word_1_145' title='bbox 3214 1986 3320 2049; x_wconf 91' lang='lat' dir='ltr'><strong>lle.</strong></span> <span class='ocrx_word' id='word_1_146' title='bbox 3427 1985 3859 2048; x_wconf 84' lang='lat' dir='ltr'><strong>Accuratiori</strong></span> <span class='ocrx_word' id='word_1_147' title='bbox 3922 1985 4183 2049; x_wconf 85' lang='lat' dir='ltr'><strong>interea</strong></span> <span class='ocrx_word' id='word_1_148' title='bbox 4233 1987 4330 2048; x_wconf 88' lang='lat' dir='ltr'><strong>lo-</strong></span> 
     </span>
     <span class='ocr_line' id='line_1_18' title="bbox 1510 2063 4327 2145; baseline -0.001 -17"><span class='ocrx_word' id='word_1_149' title='bbox 1510 2082 1748 2128; x_wconf 87' lang='lat' dir='ltr'><strong>corum</strong></span> <span class='ocrx_word' id='word_1_150' title='bbox 1789 2071 1871 2145; x_wconf 82' lang='lat'><strong>2,</strong></span> <span class='ocrx_word' id='word_1_151' title='bbox 1914 2067 1971 2129; x_wconf 82' lang='lat'><strong>6.</strong></span> <span class='ocrx_word' id='word_1_152' title='bbox 2022 2070 2123 2130; x_wconf 86' lang='grc'><strong>15.</strong></span> <span class='ocrx_word' id='word_1_153' title='bbox 2173 2069 2266 2126; x_wconf 79' lang='grc'><strong>18.</strong></span> <span class='ocrx_word' id='word_1_154' title='bbox 2311 2068 2386 2136; x_wconf 77' lang='lat' dir='ltr'><strong>lt,</strong></span> <span class='ocrx_word' id='word_1_155' title='bbox 2448 2067 2545 2126; x_wconf 87' lang='grc'><strong>15.</strong></span> <span class='ocrx_word' id='word_1_156' title='bbox 2592 2063 2670 2137; x_wconf 86' lang='grc'><strong>8,</strong></span> <span class='ocrx_word' id='word_1_157' title='bbox 2716 2066 2816 2129; x_wconf 97' lang='grc'><strong>17.</strong></span> <span class='ocrx_word' id='word_1_158' title='bbox 2854 2065 2928 2143; x_wconf 82' lang='grc'><strong>9,</strong></span> <span class='ocrx_word' id='word_1_159' title='bbox 2989 2065 3083 2125; x_wconf 85' lang='grc'><strong>13.</strong></span> <span class='ocrx_word' id='word_1_160' title='bbox 3135 2068 3242 2139; x_wconf 97' lang='grc'><strong>12,</strong></span> <span class='ocrx_word' id='word_1_161' title='bbox 3292 2066 3547 2124; x_wconf 80' lang='lat'><strong>18-21.</strong></span> <span class='ocrx_word' id='word_1_162' title='bbox 3617 2067 3731 2144; x_wconf 82' lang='lat'><strong>13,</strong></span> <span class='ocrx_word' id='word_1_163' title='bbox 3789 2067 3887 2127; x_wconf 87' lang='grc'><strong>35.</strong></span> <span class='ocrx_word' id='word_1_164' title='bbox 3929 2068 4044 2142; x_wconf 79' lang='grc'><strong>21,</strong></span> <span class='ocrx_word' id='word_1_165' title='bbox 4110 2068 4172 2129; x_wconf 76' lang='lat' dir='ltr'><strong>ll.</strong></span> <span class='ocrx_word' id='word_1_166' title='bbox 4226 2070 4327 2145; x_wconf 82' lang='lat'><strong>27,</strong></span> 
     </span>
     <span class='ocr_line' id='line_1_19' title="bbox 1512 2142 4327 2230; baseline 0.001 -25"><span class='ocrx_word' id='word_1_167' title='bbox 1512 2163 1574 2230; x_wconf 90' lang='lat'><strong>9.</strong></span> <span class='ocrx_word' id='word_1_168' title='bbox 1626 2147 1717 2206; x_wconf 82' lang='grc'><strong>10.</strong></span> <span class='ocrx_word' id='word_1_169' title='bbox 1764 2147 1847 2208; x_wconf 87' lang='lat' dir='ltr'><strong>ab</strong></span> <span class='ocrx_word' id='word_1_170' title='bbox 1896 2143 2315 2217; x_wconf 84' lang='lat' dir='ltr'><strong>Eichhornio</strong></span> <span class='ocrx_word' id='word_1_171' title='bbox 2362 2142 2795 2207; x_wconf 88' lang='lat' dir='ltr'><strong>laudatorum</strong></span> <span class='ocrx_word' id='word_1_172' title='bbox 2839 2144 3273 2205; x_wconf 84' lang='lat' dir='ltr'><strong>contentione</strong></span> <span class='ocrx_word' id='word_1_173' title='bbox 3317 2166 3468 2206; x_wconf 86' lang='lat' dir='ltr'><strong>cum</strong></span> <span class='ocrx_word' id='word_1_174' title='bbox 3510 2147 3828 2205; x_wconf 82' lang='lat' dir='ltr'><strong>versione</strong></span> <span class='ocrx_word' id='word_1_175' title='bbox 3869 2147 4061 2207; x_wconf 86' lang='lat' dir='ltr'><strong>Alex.</strong></span> <span class='ocrx_word' id='word_1_176' title='bbox 4123 2148 4327 2223; x_wconf 84' lang='lat' dir='ltr'><strong>facta,</strong></span> 
     </span>
     <span class='ocr_line' id='line_1_20' title="bbox 1516 2222 4328 2308; baseline -0 -21"><span class='ocrx_word' id='word_1_177' title='bbox 1516 2226 1680 2287; x_wconf 84' lang='lat' dir='ltr'><strong>satis</strong></span> <span class='ocrx_word' id='word_1_178' title='bbox 1722 2227 2105 2287; x_wconf 84' lang='lat' dir='ltr'><strong>luculenter</strong></span> <span class='ocrx_word' id='word_1_179' title='bbox 2148 2236 2466 2307; x_wconf 83' lang='lat' dir='ltr'><strong>apparet,</strong></span> <span class='ocrx_word' id='word_1_180' title='bbox 2508 2235 2578 2285; x_wconf 87' lang='lat' dir='ltr'><strong>et</strong></span> <span class='ocrx_word' id='word_1_181' title='bbox 2621 2223 2735 2284; x_wconf 88' lang='lat' dir='ltr'><strong>illa</strong></span> <span class='ocrx_word' id='word_1_182' title='bbox 2776 2223 2926 2283; x_wconf 90' lang='lat' dir='ltr'><strong>loca</strong></span> <span class='ocrx_word' id='word_1_183' title='bbox 2985 2222 3078 2285; x_wconf 80' lang='lat' dir='ltr'><strong>ex&#39;</strong></span> <span class='ocrx_word' id='word_1_184' title='bbox 3112 2224 3238 2284; x_wconf 88' lang='lat' dir='ltr'><strong>hac</strong></span> <span class='ocrx_word' id='word_1_185' title='bbox 3294 2224 3590 2306; x_wconf 82' lang='lat' dir='ltr'><strong>pendere</strong></span> <span class='ocrx_word' id='word_1_186' title='bbox 3646 2234 3848 2306; x_wconf 82' lang='lat' dir='ltr'><strong>atque</strong></span> <span class='ocrx_word' id='word_1_187' title='bbox 3898 2225 4191 2286; x_wconf 88' lang='lat' dir='ltr'><strong>indolem</strong></span> <span class='ocrx_word' id='word_1_188' title='bbox 4237 2226 4328 2308; x_wconf 88' lang='lat' dir='ltr'><strong>ip·</strong></span> 
     </span>
     <span class='ocr_line' id='line_1_21' title="bbox 1508 2302 4329 2386; baseline -0.001 -18"><span class='ocrx_word' id='word_1_189' title='bbox 1508 2325 1740 2368; x_wconf 87' lang='lat' dir='ltr'><strong>sorum</strong></span> <span class='ocrx_word' id='word_1_190' title='bbox 1787 2325 1868 2367; x_wconf 82' lang='lat' dir='ltr'><strong>ex</strong></span> <span class='ocrx_word' id='word_1_191' title='bbox 1910 2305 2167 2369; x_wconf 89' lang='lat' dir='ltr'><strong>citandi</strong></span> <span class='ocrx_word' id='word_1_192' title='bbox 2211 2308 2482 2367; x_wconf 88' lang='lat' dir='ltr'><strong>ratione</strong></span> <span class='ocrx_word' id='word_1_193' title='bbox 2535 2302 2850 2365; x_wconf 85' lang='lat' dir='ltr'><strong>liberiori</strong></span> <span class='ocrx_word' id='word_1_194' title='bbox 2914 2306 3163 2384; x_wconf 85' lang='lat' dir='ltr'><strong>optime</strong></span> <span class='ocrx_word' id='word_1_195' title='bbox 3221 2306 3589 2385; x_wconf 78' lang='lat' dir='ltr'><strong>explicari,</strong></span> <span class='ocrx_word' id='word_1_196' title='bbox 3661 2308 4062 2384; x_wconf 88' lang='lat' dir='ltr'><strong>praesertim</strong></span> <span class='ocrx_word' id='word_1_197' title='bbox 4120 2325 4329 2386; x_wconf 86' lang='lat' dir='ltr'><strong>quum</strong></span> 
     </span>
     <span class='ocr_line' id='line_1_22' title="bbox 1507 2384 4326 2465; baseline 0 -19"><span class='ocrx_word' id='word_1_198' title='bbox 1507 2387 1581 2446; x_wconf 88' lang='lat' dir='ltr'><strong>in</strong></span> <span class='ocrx_word' id='word_1_199' title='bbox 1624 2387 1795 2448; x_wconf 85' lang='lat' dir='ltr'><strong>locis</strong></span> <span class='ocrx_word' id='word_1_200' title='bbox 1839 2390 2156 2448; x_wconf 78' lang='lat' dir='ltr'><strong>excitatis</strong></span> <span class='ocrx_word' id='word_1_201' title='bbox 2199 2388 2501 2464; x_wconf 84' lang='lat' dir='ltr'><strong>scriptor</strong></span> <span class='ocrx_word' id='word_1_202' title='bbox 2541 2387 2687 2443; x_wconf 83' lang='lat' dir='ltr'><strong>fere</strong></span> <span class='ocrx_word' id='word_1_203' title='bbox 2728 2401 2991 2464; x_wconf 85' lang='lat' dir='ltr'><strong>semper</strong></span> <span class='ocrx_word' id='word_1_204' title='bbox 3029 2385 3171 2463; x_wconf 81' lang='lat' dir='ltr'><strong>ipse</strong></span> <span class='ocrx_word' id='word_1_205' title='bbox 3212 2385 3295 2444; x_wconf 90' lang='lat' dir='ltr'><strong>ad</strong></span> <span class='ocrx_word' id='word_1_206' title='bbox 3339 2385 3671 2445; x_wconf 86' lang='lat' dir='ltr'><strong>vaticinia</strong></span> <span class='ocrx_word' id='word_1_207' title='bbox 3715 2385 3805 2443; x_wconf 91' lang='lat' dir='ltr'><strong>V.</strong></span> <span class='ocrx_word' id='word_1_208' title='bbox 3868 2384 3949 2446; x_wconf 88' lang='grc' dir='ltr'><strong>Τ.</strong></span> <span class='ocrx_word' id='word_1_209' title='bbox 3998 2387 4326 2465; x_wconf 87' lang='lat' dir='ltr'><strong>respiciat</strong></span> 
     </span>
     <span class='ocr_line' id='line_1_23' title="bbox 1510 2463 4323 2546; baseline -0 -21"><span class='ocrx_word' id='word_1_210' title='bbox 1510 2463 1876 2546; x_wconf 84' lang='lat' dir='ltr'><strong>eademque</strong></span> <span class='ocrx_word' id='word_1_211' title='bbox 1916 2467 2292 2525; x_wconf 87' lang='lat' dir='ltr'><strong>sententiae</strong></span> <span class='ocrx_word' id='word_1_212' title='bbox 2335 2482 2501 2523; x_wconf 92' lang='lat' dir='ltr'><strong>suae</strong></span> <span class='ocrx_word' id='word_1_213' title='bbox 2537 2463 2822 2524; x_wconf 87' lang='lat' dir='ltr'><strong>liberius</strong></span> <span class='ocrx_word' id='word_1_214' title='bbox 2868 2463 3331 2524; x_wconf 88' lang='lat' dir='ltr'><strong>accommodet</strong></span> <span class='ocrx_word' id='word_1_215' title='bbox 3386 2465 3490 2539; x_wconf 80' lang='lat' dir='ltr'><strong>(cf</strong></span> <span class='ocrx_word' id='word_1_216' title='bbox 3564 2464 3899 2542; x_wconf 89' lang='lat' dir='ltr'><strong>imprimis</strong></span> <span class='ocrx_word' id='word_1_217' title='bbox 3953 2466 4033 2539; x_wconf 83' lang='lat'><strong>2,</strong></span> <span class='ocrx_word' id='word_1_218' title='bbox 4110 2465 4202 2526; x_wconf 88' lang='grc'><strong>15.</strong></span> <span class='ocrx_word' id='word_1_219' title='bbox 4259 2470 4323 2543; x_wconf 89' lang='grc'><strong>8,</strong></span> 
     </span>
     <span class='ocr_line' id='line_1_24' title="bbox 1507 2539 4323 2626; baseline 0 -21"><span class='ocrx_word' id='word_1_220' title='bbox 1507 2546 1606 2608; x_wconf 85' lang='grc'><strong>17.</strong></span> <span class='ocrx_word' id='word_1_221' title='bbox 1633 2552 1721 2614; x_wconf 79' lang='grc'><strong>27,</strong></span> <span class='ocrx_word' id='word_1_222' title='bbox 1776 2548 1838 2610; x_wconf 87' lang='grc'><strong>9.</strong></span> <span class='ocrx_word' id='word_1_223' title='bbox 1883 2544 2037 2621; x_wconf 88' lang='grc'><strong>10.),</strong></span> <span class='ocrx_word' id='word_1_224' title='bbox 2083 2542 2265 2626; x_wconf 83' lang='lat' dir='ltr'><strong>quod</strong></span> <span class='ocrx_word' id='word_1_225' title='bbox 2300 2544 2473 2603; x_wconf 86' lang='lat' dir='ltr'><strong>Ven.</strong></span> <span class='ocrx_word' id='word_1_226' title='bbox 2514 2542 2758 2602; x_wconf 83' lang='lat' dir='ltr'><strong>Paulus</strong></span> <span class='ocrx_word' id='word_1_227' title='bbox 2787 2539 3142 2601; x_wconf 85' lang='lat' dir='ltr'><strong>evidenter</strong></span> <span class='ocrx_word' id='word_1_228' title='bbox 3173 2543 3768 2623; x_wconf 84' lang='lat' dir='ltr'><strong>prosperrimoque</strong></span> <span class='ocrx_word' id='word_1_229' title='bbox 3804 2545 4127 2623; x_wconf 87' lang='lat' dir='ltr'><strong>probavit</strong></span> <span class='ocrx_word' id='word_1_230' title='bbox 4160 2563 4323 2605; x_wconf 87' lang='lat' dir='ltr'><strong>suc—</strong></span> 
     </span>
     <span class='ocr_line' id='line_1_25' title="bbox 1504 2619 4320 2703; baseline -0 -17"><span class='ocrx_word' id='word_1_231' title='bbox 1504 2641 1739 2696; x_wconf 83' lang='lat' dir='ltr'><strong>cessu,</strong></span> <span class='ocrx_word' id='word_1_232' title='bbox 1796 2623 1880 2685; x_wconf 89' lang='lat' dir='ltr'><strong>ad</strong></span> <span class='ocrx_word' id='word_1_233' title='bbox 1934 2625 2124 2701; x_wconf 77' lang='lat' dir='ltr'><strong>cujus</strong></span> <span class='ocrx_word' id='word_1_234' title='bbox 2191 2623 2563 2683; x_wconf 85' lang='lat' dir='ltr'><strong>observatt.</strong></span> <span class='ocrx_word' id='word_1_235' title='bbox 2625 2621 3089 2698; x_wconf 79' lang='lat' dir='ltr'><strong>sagacissimas</strong></span> <span class='ocrx_word' id='word_1_236' title='bbox 3153 2621 3515 2682; x_wconf 83' lang='lat' dir='ltr'><strong>brevitatis</strong></span> <span class='ocrx_word' id='word_1_237' title='bbox 3583 2619 3877 2683; x_wconf 84' lang='lat' dir='ltr'><strong>studiosi</strong></span> <span class='ocrx_word' id='word_1_238' title='bbox 3935 2621 4320 2703; x_wconf 82' lang='lat' dir='ltr'><strong>ablegamus</strong></span> 
     </span>
     <span class='ocr_line' id='line_1_26' title="bbox 1502 2698 4322 2784; baseline 0 -20"><span class='ocrx_word' id='word_1_239' title='bbox 1502 2703 1830 2766; x_wconf 86' lang='lat' dir='ltr'><strong>lectorem</strong></span> <span class='ocrx_word' id='word_1_240' title='bbox 1872 2702 2179 2766; x_wconf 87' lang='lat' dir='ltr'><strong>benevol.</strong></span> <span class='ocrx_word' id='word_1_241' title='bbox 2225 2698 2343 2762; x_wconf 83' lang='lat' dir='ltr'><strong>vid</strong></span> <span class='ocrx_word' id='word_1_242' title='bbox 2410 2699 2637 2783; x_wconf 89' lang='lat' dir='ltr'><strong>Ejusd.</strong></span> <span class='ocrx_word' id='word_1_243' title='bbox 2684 2699 3012 2760; x_wconf 84' lang='lat' dir='ltr'><strong>Conserv.</strong></span> <span class='ocrx_word' id='word_1_244' title='bbox 3059 2699 3109 2759; x_wconf 91' lang='lat'><strong>1.</strong></span> <span class='ocrx_word' id='word_1_245' title='bbox 3154 2720 3217 2782; x_wconf 86' lang='lat' dir='ltr'><strong>p.</strong></span> <span class='ocrx_word' id='word_1_246' title='bbox 3260 2701 3338 2763; x_wconf 83' lang='lat'><strong>35</strong></span> <span class='ocrx_word' id='word_1_247' title='bbox 3379 2719 3524 2782; x_wconf 83' lang='lat' dir='ltr'><strong>sqq.</strong></span> <span class='ocrx_word' id='word_1_248' title='bbox 3629 2701 3788 2762; x_wconf 89' lang='lat' dir='ltr'><strong>Huc</strong></span> <span class='ocrx_word' id='word_1_249' title='bbox 3831 2698 4122 2784; x_wconf 82' lang='lat' dir='ltr'><strong>denique</strong></span> <span class='ocrx_word' id='word_1_250' title='bbox 4210 2723 4322 2764; x_wconf 87' lang='lat' dir='ltr'><strong>ac-</strong></span> 
     </span>
     <span class='ocr_line' id='line_1_27' title="bbox 1508 2779 4321 2866; baseline -0 -23"><span class='ocrx_word' id='word_1_251' title='bbox 1508 2782 1731 2856; x_wconf 86' lang='lat' dir='ltr'><strong>cedit,</strong></span> <span class='ocrx_word' id='word_1_252' title='bbox 1777 2784 1957 2866; x_wconf 82' lang='lat' dir='ltr'><strong>quod</strong></span> <span class='ocrx_word' id='word_1_253' title='bbox 2006 2780 2465 2843; x_wconf 87' lang='lat' dir='ltr'><strong>Eichhornius</strong></span> <span class='ocrx_word' id='word_1_254' title='bbox 2513 2783 2658 2860; x_wconf 84' lang='lat' dir='ltr'><strong>ipse</strong></span> <span class='ocrx_word' id='word_1_255' title='bbox 2699 2788 2995 2861; x_wconf 85' lang='lat' dir='ltr'><strong>quatuor</strong></span> <span class='ocrx_word' id='word_1_256' title='bbox 3034 2779 3186 2841; x_wconf 88' lang='lat' dir='ltr'><strong>loca</strong></span> <span class='ocrx_word' id='word_1_257' title='bbox 3227 2784 3529 2861; x_wconf 79' lang='lat' dir='ltr'><strong>excepit:</strong></span> <span class='ocrx_word' id='word_1_258' title='bbox 3571 2801 3628 2842; x_wconf 92' lang='lat' dir='ltr'><strong>c.</strong></span> <span class='ocrx_word' id='word_1_259' title='bbox 3676 2783 3745 2852; x_wconf 86' lang='lat'><strong>1,</strong></span> <span class='ocrx_word' id='word_1_260' title='bbox 3786 2780 3886 2842; x_wconf 82' lang='lat'><strong>23.</strong></span> <span class='ocrx_word' id='word_1_261' title='bbox 3932 2784 4035 2860; x_wconf 85' lang='lat'><strong>27,</strong></span> <span class='ocrx_word' id='word_1_262' title='bbox 4079 2782 4179 2847; x_wconf 76' lang='lat'><strong>35.</strong></span> <span class='ocrx_word' id='word_1_263' title='bbox 4215 2785 4321 2856; x_wconf 90' lang='grc'><strong>21,</strong></span> 
     </span>
     <span class='ocr_line' id='line_1_28' title="bbox 1509 2856 4320 2944; baseline -0.001 -20"><span class='ocrx_word' id='word_1_264' title='bbox 1509 2862 1608 2925; x_wconf 84' lang='grc'><strong>16.</strong></span> <span class='ocrx_word' id='word_1_265' title='bbox 1658 2865 1770 2941; x_wconf 84' lang='grc'><strong>13,</strong></span> <span class='ocrx_word' id='word_1_266' title='bbox 1834 2866 1929 2925; x_wconf 69' lang='lat' dir='ltr'><strong>itt.</strong></span> <span class='ocrx_word' id='word_1_267' title='bbox 1981 2863 2075 2924; x_wconf 88' lang='grc'><strong>15.</strong></span> <span class='ocrx_word' id='word_1_268' title='bbox 2117 2893 2199 2908; x_wconf 90' lang='grc'><strong>-</strong></span> <span class='ocrx_word' id='word_1_269' title='bbox 2280 2859 2384 2921; x_wconf 85' lang='lat' dir='ltr'><strong>De</strong></span> <span class='ocrx_word' id='word_1_270' title='bbox 2428 2859 2745 2923; x_wconf 88' lang='lat' dir='ltr'><strong>Wettius</strong></span> <span class='ocrx_word' id='word_1_271' title='bbox 2799 2860 2889 2921; x_wconf 92' lang='lat' dir='ltr'><strong>V.</strong></span> <span class='ocrx_word' id='word_1_272' title='bbox 2932 2856 2979 2919; x_wconf 86' lang='lat' dir='ltr'>S</span> <span class='ocrx_word' id='word_1_273' title='bbox 3058 2857 3484 2935; x_wconf 88' lang='lat' dir='ltr'><strong>doctissime,</strong></span> <span class='ocrx_word' id='word_1_274' title='bbox 3592 2878 3672 2921; x_wconf 93' lang='lat' dir='ltr'><strong>ro</strong></span> <span class='ocrx_word' id='word_1_275' title='bbox 3736 2879 3859 2921; x_wconf 88' lang='lat' dir='ltr'><strong>sua</strong></span> <span class='ocrx_word' id='word_1_276' title='bbox 3915 2861 3996 2922; x_wconf 90' lang='lat' dir='ltr'><strong>de</strong></span> <span class='ocrx_word' id='word_1_277' title='bbox 4053 2865 4320 2944; x_wconf 79' lang='lat' dir='ltr'><strong>origine</strong></span> 
     </span>
     <span class='ocr_line' id='line_1_29' title="bbox 1498 2880 4319 3028; baseline -0.001 -25"><span class='ocrx_word' id='word_1_278' title='bbox 1498 2944 2016 3028; x_wconf 79' lang='lat' dir='ltr'><strong>evangeliorum</strong></span> <span class='ocrx_word' id='word_1_279' title='bbox 2058 2960 2227 3023; x_wconf 79' lang='lat' dir='ltr'><strong>syno</strong></span> <span class='ocrx_word' id='word_1_280' title='bbox 2275 2951 2325 3003; x_wconf 89' lang='lat' dir='ltr'><strong>t.</strong></span> <span class='ocrx_word' id='word_1_281' title='bbox 2369 2941 2743 3017; x_wconf 86' lang='lat' dir='ltr'><strong>sententia,</strong></span> <span class='ocrx_word' id='word_1_282' title='bbox 2784 2942 3060 3009; x_wconf 84' lang='lat' dir='ltr'><strong>statuit,</strong></span> <span class='ocrx_word' id='word_1_283' title='bbox 3104 2936 3307 3019; x_wconf 85' lang='lat' dir='ltr'><strong>(Einl.</strong></span> <span class='ocrx_word' id='word_1_284' title='bbox 3350 2940 3459 2999; x_wconf 89' lang='lat' dir='ltr'><strong>ins</strong></span> <span class='ocrx_word' id='word_1_285' title='bbox 3507 2880 3598 3002; x_wconf 49' lang='grc' dir='ltr'><strong>ΡΥ.</strong></span> <span class='ocrx_word' id='word_1_286' title='bbox 3646 2941 3729 3003; x_wconf 87' lang='grc' dir='ltr'><strong>Τ.</strong></span> <span class='ocrx_word' id='word_1_287' title='bbox 3760 2959 3825 3019; x_wconf 86' lang='lat' dir='ltr'><strong>p.</strong></span> <span class='ocrx_word' id='word_1_288' title='bbox 3876 2939 4046 3021; x_wconf 82' lang='lat'><strong>176.)</strong></span> <span class='ocrx_word' id='word_1_289' title='bbox 4087 2941 4319 3018; x_wconf 86' lang='lat' dir='ltr'><strong>„Mat-</strong></span> 
     </span>
     <span class='ocr_line' id='line_1_30' title="bbox 1500 3015 4312 3098; baseline 0 -15"><span class='ocrx_word' id='word_1_290' title='bbox 1500 3022 1779 3084; x_wconf 88' lang='lat' dir='ltr'><strong>thaeum</strong></span> <span class='ocrx_word' id='word_1_291' title='bbox 1823 3026 1895 3084; x_wconf 90' lang='lat' dir='ltr'><strong>in</strong></span> <span class='ocrx_word' id='word_1_292' title='bbox 1940 3024 2111 3085; x_wconf 85' lang='lat' dir='ltr'><strong>locis</strong></span> <span class='ocrx_word' id='word_1_293' title='bbox 2168 3025 2224 3082; x_wconf 92' lang='lat' dir='ltr'><strong>si</strong></span> <span class='ocrx_word' id='word_1_294' title='bbox 2278 3023 2303 3082; x_wconf 90' lang='lat' dir='ltr'><strong>i</strong></span> <span class='ocrx_word' id='word_1_295' title='bbox 2415 3019 2705 3098; x_wconf 87' lang='lat' dir='ltr'><strong>ropriis,</strong></span> <span class='ocrx_word' id='word_1_296' title='bbox 2776 3019 2899 3078; x_wconf 89' lang='lat' dir='ltr'><strong>ubi</strong></span> <span class='ocrx_word' id='word_1_297' title='bbox 2961 3018 3296 3080; x_wconf 85' lang='lat' dir='ltr'><strong>vaticinia</strong></span> <span class='ocrx_word' id='word_1_298' title='bbox 3372 3015 3457 3080; x_wconf 93' lang='lat' dir='ltr'><strong>V.</strong></span> <span class='ocrx_word' id='word_1_299' title='bbox 3520 3019 3606 3080; x_wconf 89' lang='lat' dir='ltr'><strong>T.</strong></span> <span class='ocrx_word' id='word_1_300' title='bbox 3650 3038 3689 3079; x_wconf 91' lang='lat' dir='ltr'><strong>a</strong></span> <span class='ocrx_word' id='word_1_301' title='bbox 3741 3023 4060 3081; x_wconf 80' lang='lat' dir='ltr'><strong>versione</strong></span> <span class='ocrx_word' id='word_1_302' title='bbox 4119 3021 4312 3083; x_wconf 78' lang='lat' dir='ltr'><strong>Alex.</strong></span> 
     </span>
     <span class='ocr_line' id='line_1_31' title="bbox 1498 3095 4316 3186; baseline 0 -25"><span class='ocrx_word' id='word_1_303' title='bbox 1498 3121 1632 3164; x_wconf 92' lang='lat' dir='ltr'><strong>non</strong></span> <span class='ocrx_word' id='word_1_304' title='bbox 1676 3102 2056 3186; x_wconf 83' lang='lat' dir='ltr'><strong>dependens</strong></span> <span class='ocrx_word' id='word_1_305' title='bbox 2099 3108 2369 3161; x_wconf 80' lang='lat' dir='ltr'><strong>transtu</strong></span> <span class='ocrx_word' id='word_1_306' title='bbox 2398 3099 2568 3171; x_wconf 91' lang='lat' dir='ltr'><strong>erit,</strong></span> <span class='ocrx_word' id='word_1_307' title='bbox 2625 3096 2912 3159; x_wconf 88' lang='lat' dir='ltr'><strong>eundem</strong></span> <span class='ocrx_word' id='word_1_308' title='bbox 2959 3116 2998 3157; x_wconf 91' lang='lat' dir='ltr'><strong>a</strong></span> <span class='ocrx_word' id='word_1_309' title='bbox 3038 3096 3415 3158; x_wconf 88' lang='lat' dir='ltr'><strong>traditione</strong></span> <span class='ocrx_word' id='word_1_310' title='bbox 3444 3095 3837 3176; x_wconf 72' lang='lat' dir='ltr'><strong>evanpelica</strong></span> <span class='ocrx_word' id='word_1_311' title='bbox 3881 3120 4014 3160; x_wconf 92' lang='lat' dir='ltr'><strong>non</strong></span> <span class='ocrx_word' id='word_1_312' title='bbox 4072 3120 4316 3182; x_wconf 88' lang='lat' dir='ltr'><strong>pepen-</strong></span> 
     </span>
     <span class='ocr_line' id='line_1_32' title="bbox 1496 3176 4317 3243; baseline -0.001 -1"><span class='ocrx_word' id='word_1_313' title='bbox 1496 3180 1729 3242; x_wconf 86' lang='lat' dir='ltr'><strong>disse.”</strong></span> <span class='ocrx_word' id='word_1_314' title='bbox 1814 3180 2097 3243; x_wconf 80' lang='lat' dir='ltr'><strong>interim</strong></span> <span class='ocrx_word' id='word_1_315' title='bbox 2152 3189 2223 3240; x_wconf 89' lang='lat' dir='ltr'><strong>et</strong></span> <span class='ocrx_word' id='word_1_316' title='bbox 2284 3182 2357 3239; x_wconf 86' lang='lat' dir='ltr'><strong>in</strong></span> <span class='ocrx_word' id='word_1_317' title='bbox 2411 3176 2580 3237; x_wconf 84' lang='lat' dir='ltr'><strong>locis</strong></span> <span class='ocrx_word' id='word_1_318' title='bbox 2634 3177 3103 3239; x_wconf 81' lang='lat' dir='ltr'><strong>communibus</strong></span> <span class='ocrx_word' id='word_1_319' title='bbox 3160 3176 3343 3238; x_wconf 87' lang='lat' dir='ltr'><strong>haud</strong></span> <span class='ocrx_word' id='word_1_320' title='bbox 3422 3197 3583 3237; x_wconf 91' lang='lat' dir='ltr'><strong>raro</strong></span> <span class='ocrx_word' id='word_1_321' title='bbox 3640 3198 3679 3239; x_wconf 90' lang='lat' dir='ltr'><strong>a</strong></span> <span class='ocrx_word' id='word_1_322' title='bbox 3738 3182 4057 3241; x_wconf 72' lang='lat' dir='ltr'><strong>versione</strong></span> <span class='ocrx_word' id='word_1_323' title='bbox 4114 3180 4317 3241; x_wconf 86' lang='lat' dir='ltr'><strong>Alex.</strong></span> 
     </span>
     <span class='ocr_line' id='line_1_33' title="bbox 1501 3254 4317 3339; baseline -0 -17"><span class='ocrx_word' id='word_1_324' title='bbox 1501 3260 1803 3323; x_wconf 88' lang='lat' dir='ltr'><strong>declinat</strong></span> <span class='ocrx_word' id='word_1_325' title='bbox 1834 3261 2093 3322; x_wconf 87' lang='lat' dir='ltr'><strong>Noster</strong></span> <span class='ocrx_word' id='word_1_326' title='bbox 2133 3256 2273 3322; x_wconf 76' lang='lat' dir='ltr'><strong>vid.</strong></span> <span class='ocrx_word' id='word_1_327' title='bbox 2318 3264 2462 3318; x_wconf 87' lang='lat' dir='ltr'><strong>not.</strong></span> <span class='ocrx_word' id='word_1_328' title='bbox 2497 3256 2602 3337; x_wconf 84' lang='lat'><strong>1);</strong></span> <span class='ocrx_word' id='word_1_329' title='bbox 2646 3276 2782 3337; x_wconf 83' lang='lat' dir='ltr'><strong>qna</strong></span> <span class='ocrx_word' id='word_1_330' title='bbox 2823 3254 2907 3318; x_wconf 87' lang='lat' dir='ltr'><strong>de</strong></span> <span class='ocrx_word' id='word_1_331' title='bbox 2951 3274 3155 3318; x_wconf 87' lang='lat' dir='ltr'><strong>causa</strong></span> <span class='ocrx_word' id='word_1_332' title='bbox 3183 3258 3522 3337; x_wconf 78' lang='lat' dir='ltr'><strong>conjicere</strong></span> <span class='ocrx_word' id='word_1_333' title='bbox 3549 3259 3910 3320; x_wconf 77' lang='lat' dir='ltr'><strong>audemus.</strong></span> <span class='ocrx_word' id='word_1_334' title='bbox 3957 3261 4317 3339; x_wconf 83' lang='lat' dir='ltr'><strong>scriptoris</strong></span> 
     </span>
     <span class='ocr_line' id='line_1_34' title="bbox 1496 3336 4354 3417; baseline -0.001 -16"><span class='ocrx_word' id='word_1_335' title='bbox 1496 3338 1957 3403; x_wconf 85' lang='lat' dir='ltr'><strong>Matthaeiani</strong></span> <span class='ocrx_word' id='word_1_336' title='bbox 1999 3339 2258 3417; x_wconf 87' lang='lat' dir='ltr'><strong>nostri,</strong></span> <span class='ocrx_word' id='word_1_337' title='bbox 2313 3340 2387 3398; x_wconf 87' lang='lat' dir='ltr'><strong>in</strong></span> <span class='ocrx_word' id='word_1_338' title='bbox 2430 3336 2523 3400; x_wconf 82' lang='lat' dir='ltr'><strong>V.</strong></span> <span class='ocrx_word' id='word_1_339' title='bbox 2565 3336 2651 3401; x_wconf 90' lang='lat' dir='ltr'><strong>T.</strong></span> <span class='ocrx_word' id='word_1_340' title='bbox 2692 3337 2862 3398; x_wconf 86' lang='lat' dir='ltr'><strong>bene</strong></span> <span class='ocrx_word' id='word_1_341' title='bbox 2904 3337 3160 3398; x_wconf 81' lang='lat' dir='ltr'><strong>versati</strong></span> <span class='ocrx_word' id='word_1_342' title='bbox 3229 3338 3496 3411; x_wconf 89' lang='lat' dir='ltr'><strong>animo,</strong></span> <span class='ocrx_word' id='word_1_343' title='bbox 3560 3356 3831 3398; x_wconf 90' lang='lat' dir='ltr'><strong>sensum</strong></span> <span class='ocrx_word' id='word_1_344' title='bbox 3887 3347 4114 3401; x_wconf 83' lang='lat' dir='ltr'><strong>textus</strong></span> <span class='ocrx_word' id='word_1_345' title='bbox 4173 3340 4312 3401; x_wconf 81' lang='lat' dir='ltr'><strong>ori·</strong></span> <span class='ocrx_word' id='word_1_346' title='bbox 4347 3392 4354 3397; x_wconf 90' lang='lat'><strong>.</strong></span> 
     </span>
     <span class='ocr_line' id='line_1_35' title="bbox 1492 3414 4312 3504; baseline 0 -24"><span class='ocrx_word' id='word_1_347' title='bbox 1492 3419 1776 3496; x_wconf 65' lang='lat' dir='ltr'><strong>ginaffl,</strong></span> <span class='ocrx_word' id='word_1_348' title='bbox 1839 3418 2000 3482; x_wconf 87' lang='lat' dir='ltr'><strong>dum</strong></span> <span class='ocrx_word' id='word_1_349' title='bbox 2058 3419 2440 3488; x_wconf 87' lang='lat' dir='ltr'><strong>scriberet,</strong></span> <span class='ocrx_word' id='word_1_350' title='bbox 2538 3414 2889 3477; x_wconf 89' lang='lat' dir='ltr'><strong>interdum</strong></span> <span class='ocrx_word' id='word_1_351' title='bbox 2988 3418 3200 3480; x_wconf 85' lang='lat' dir='ltr'><strong>fuisse</strong></span> <span class='ocrx_word' id='word_1_352' title='bbox 3262 3417 3717 3481; x_wconf 84' lang='lat' dir='ltr'><strong>obversatum.</strong></span> <span class='ocrx_word' id='word_1_353' title='bbox 3805 3418 3988 3504; x_wconf 79' lang='lat' dir='ltr'><strong>Ergo</strong></span> <span class='ocrx_word' id='word_1_354' title='bbox 4047 3429 4117 3483; x_wconf 88' lang='lat' dir='ltr'><strong>et</strong></span> <span class='ocrx_word' id='word_1_355' title='bbox 4174 3428 4312 3481; x_wconf 88' lang='lat' dir='ltr'><strong>ter-</strong></span> 
     </span>
    </p>
   </div>
   <div class='ocr_carea' id='block_1_3' title="bbox 1489 3494 2846 3587">
    <p class='ocr_par' dir='ltr' id='par_1_4' title="bbox 1489 3494 2846 3587">
     <span class='ocr_line' id='line_1_36' title="bbox 1489 3494 2846 3587; baseline 0.003 -28"><span class='ocrx_word' id='word_1_356' title='bbox 1489 3501 1677 3563; x_wconf 82' lang='lat' dir='ltr'><strong>tium</strong></span> <span class='ocrx_word' id='word_1_357' title='bbox 1708 3497 1886 3564; x_wconf 88' lang='lat' dir='ltr'><strong>illud</strong></span> <span class='ocrx_word' id='word_1_358' title='bbox 1923 3507 2399 3587; x_wconf 79' lang='lat' dir='ltr'><strong>argumentum</strong></span> <span class='ocrx_word' id='word_1_359' title='bbox 2439 3494 2846 3564; x_wconf 60' lang='lat' dir='ltr'><strong>intercidia&#39;</strong></span> 
     </span>
    </p>
   </div>
   <div class='ocr_carea' id='block_1_4' title="bbox 2799 3643 3006 3728">
    <p class='ocr_par' dir='ltr' id='par_1_5' title="bbox 2799 3643 3006 3728">
     <span class='ocr_line' id='line_1_37' title="bbox 2799 3643 3006 3728; baseline 0.01 -17"><span class='ocrx_word' id='word_1_360' title='bbox 2799 3643 2857 3728; x_wconf 82' lang='lat'><strong>§-</strong></span> <span class='ocrx_word' id='word_1_361' title='bbox 2941 3646 3006 3714; x_wconf 82' lang='lat' dir='ltr'><strong>s.</strong></span> 
     </span>
    </p>
   </div>
   <div class='ocr_carea' id='block_1_5' title="bbox 1483 3764 4307 4250">
    <p class='ocr_par' dir='ltr' id='par_1_6' title="bbox 1483 3764 4307 4250">
     <span class='ocr_line' id='line_1_38' title="bbox 1661 3764 4307 3851; baseline -0 -19"><span class='ocrx_word' id='word_1_362' title='bbox 1661 3766 2084 3832; x_wconf 67' lang='lat' dir='ltr'><strong>Contrarium</strong></span> <span class='ocrx_word' id='word_1_363' title='bbox 2125 3783 2278 3828; x_wconf 81' lang='lat' dir='ltr'><strong>vero</strong></span> <span class='ocrx_word' id='word_1_364' title='bbox 2309 3764 2727 3840; x_wconf 73' lang='lat' dir='ltr'><strong>sententiam,</strong></span> <span class='ocrx_word' id='word_1_365' title='bbox 2776 3764 3107 3827; x_wconf 73' lang='lat' dir='ltr'><strong>Matthaei</strong></span> <span class='ocrx_word' id='word_1_366' title='bbox 3138 3764 3539 3846; x_wconf 76' lang='lat' dir='ltr'><strong>evangelium</strong></span> <span class='ocrx_word' id='word_1_367' title='bbox 3583 3767 3847 3848; x_wconf 73' lang='lat' dir='ltr'><strong>graecis</strong></span> <span class='ocrx_word' id='word_1_368' title='bbox 3893 3767 4307 3851; x_wconf 71' lang='lat' dir='ltr'><strong>originaliter</strong></span> 
     </span>
     <span class='ocr_line' id='line_1_39' title="bbox 1487 3844 4305 3928; baseline 0 -17"><span class='ocrx_word' id='word_1_369' title='bbox 1487 3849 1701 3912; x_wconf 80' lang='lat' dir='ltr'><strong>literis</strong></span> <span class='ocrx_word' id='word_1_370' title='bbox 1739 3851 2192 3928; x_wconf 72' lang='lat' dir='ltr'><strong>consignatum</strong></span> <span class='ocrx_word' id='word_1_371' title='bbox 2229 3861 2367 3907; x_wconf 84' lang='lat' dir='ltr'><strong>esse</strong></span> <span class='ocrx_word' id='word_1_372' title='bbox 2407 3844 2691 3923; x_wconf 79' lang='lat' dir='ltr'><strong>amplexi</strong></span> <span class='ocrx_word' id='word_1_373' title='bbox 2723 3844 2817 3924; x_wconf 83' lang='lat'><strong>⁸),</strong></span> <span class='ocrx_word' id='word_1_374' title='bbox 2874 3851 3104 3924; x_wconf 79' lang='lat' dir='ltr'><strong>aperte</strong></span> <span class='ocrx_word' id='word_1_375' title='bbox 3145 3844 3438 3908; x_wconf 74' lang='lat' dir='ltr'><strong>videntes</strong></span> <span class='ocrx_word' id='word_1_376' title='bbox 3458 3891 3482 3921; x_wconf 89' lang='lat'><strong>,</strong></span> <span class='ocrx_word' id='word_1_377' title='bbox 3521 3845 3787 3910; x_wconf 80' lang='lat' dir='ltr'><strong>eandem</strong></span> <span class='ocrx_word' id='word_1_378' title='bbox 3831 3847 4046 3922; x_wconf 80' lang='lat' dir='ltr'><strong>illam,</strong></span> <span class='ocrx_word' id='word_1_379' title='bbox 4090 3848 4305 3913; x_wconf 82' lang='lat' dir='ltr'><strong>indole</strong></span> 
     </span>
     <span class='ocr_line' id='line_1_40' title="bbox 1488 3925 4304 4009; baseline 0.001 -19"><span class='ocrx_word' id='word_1_380' title='bbox 1488 3926 1748 4009; x_wconf 72' lang='lat' dir='ltr'><strong>quidem</strong></span> <span class='ocrx_word' id='word_1_381' title='bbox 1791 3926 2232 3991; x_wconf 72' lang='lat' dir='ltr'><strong>Matthaeiam&#39;</strong></span> <span class='ocrx_word' id='word_1_382' title='bbox 2273 3925 2486 3987; x_wconf 78' lang='lat' dir='ltr'><strong>nostri</strong></span> <span class='ocrx_word' id='word_1_383' title='bbox 2524 3926 2782 3987; x_wconf 77' lang='lat' dir='ltr'><strong>interna</strong></span> <span class='ocrx_word' id='word_1_384' title='bbox 2828 3925 3305 4002; x_wconf 67' lang='lat' dir='ltr'><strong>confirmatam,</strong></span> <span class='ocrx_word' id='word_1_385' title='bbox 3371 3929 3682 3990; x_wconf 79' lang='lat' dir='ltr'><strong>acerrime</strong></span> <span class='ocrx_word' id='word_1_386' title='bbox 3716 3927 4094 4008; x_wconf 77' lang='lat' dir='ltr'><strong>impugnari</strong></span> <span class='ocrx_word' id='word_1_387' title='bbox 4132 3935 4304 3991; x_wconf 77' lang='lat' dir='ltr'><strong>vete-</strong></span> 
     </span>
     <span class='ocr_line' id='line_1_41' title="bbox 1487 4002 4302 4089; baseline 0 -18"><span class='ocrx_word' id='word_1_388' title='bbox 1487 4011 1587 4072; x_wconf 82' lang='lat' dir='ltr'><strong>ris</strong></span> <span class='ocrx_word' id='word_1_389' title='bbox 1632 4007 1937 4070; x_wconf 77' lang='lat' dir='ltr'><strong>ecclesiae</strong></span> <span class='ocrx_word' id='word_1_390' title='bbox 1988 4004 2379 4077; x_wconf 79' lang='lat' dir='ltr'><strong>traditione,</strong></span> <span class='ocrx_word' id='word_1_391' title='bbox 2460 4003 2631 4067; x_wconf 77' lang='lat' dir='ltr'><strong>hanc</strong></span> <span class='ocrx_word' id='word_1_392' title='bbox 2673 4004 2844 4067; x_wconf 78' lang='lat' dir='ltr'><strong>omni</strong></span> <span class='ocrx_word' id='word_1_393' title='bbox 2884 4003 3071 4067; x_wconf 86' lang='lat' dir='ltr'><strong>modo</strong></span> <span class='ocrx_word' id='word_1_394' title='bbox 3112 4002 3454 4069; x_wconf 79' lang='lat' dir='ltr'><strong>debilitare</strong></span> <span class='ocrx_word' id='word_1_395' title='bbox 3494 4026 3575 4070; x_wconf 87' lang='lat' dir='ltr'><strong>ac</strong></span> <span class='ocrx_word' id='word_1_396' title='bbox 3609 4005 3940 4084; x_wconf 77' lang='lat' dir='ltr'><strong>falsitatis</strong></span> <span class='ocrx_word' id='word_1_397' title='bbox 4000 4027 4302 4089; x_wconf 82' lang='lat' dir='ltr'><strong>arguere,</strong></span> 
     </span>
     <span class='ocr_line' id='line_1_42' title="bbox 1483 4080 4302 4168; baseline -0.001 -18"><span class='ocrx_word' id='word_1_398' title='bbox 1483 4086 1708 4151; x_wconf 79' lang='lat' dir='ltr'><strong>sedulo</strong></span> <span class='ocrx_word' id='word_1_399' title='bbox 1789 4089 2192 4168; x_wconf 74' lang='lat' dir='ltr'><strong>maximoque</strong></span> <span class='ocrx_word' id='word_1_400' title='bbox 2256 4080 2479 4148; x_wconf 78' lang='lat' dir='ltr'><strong>studio</strong></span> <span class='ocrx_word' id='word_1_401' title='bbox 2550 4081 2974 4147; x_wconf 75' lang='lat' dir='ltr'><strong>desudarunt.</strong></span> <span class='ocrx_word' id='word_1_402' title='bbox 3085 4084 3311 4165; x_wconf 75' lang='lat' dir='ltr'><strong>Quum</strong></span> <span class='ocrx_word' id='word_1_403' title='bbox 3368 4087 3601 4167; x_wconf 85' lang='lat' dir='ltr'><strong>itaque</strong></span> <span class='ocrx_word' id='word_1_404' title='bbox 3658 4096 4130 4151; x_wconf 78' lang='lat' dir='ltr'><strong>asseverarent</strong></span> <span class='ocrx_word' id='word_1_405' title='bbox 4173 4086 4302 4167; x_wconf 86' lang='lat' dir='ltr'><strong>illi,</strong></span> 
     </span>
     <span class='ocr_line' id='line_1_43' title="bbox 1484 4160 4281 4250; baseline -0.001 -20"><span class='ocrx_word' id='word_1_406' title='bbox 1484 4164 1915 4230; x_wconf 68' lang='lat' dir='ltr'><strong>matthaeum</strong></span> <span class='ocrx_word' id='word_1_407' title='bbox 1958 4184 2065 4249; x_wconf 86' lang='lat' dir='ltr'><strong>ap.</strong></span> <span class='ocrx_word' id='word_1_408' title='bbox 2107 4181 2353 4249; x_wconf 82' lang='lat' dir='ltr'><strong>graece</strong></span> <span class='ocrx_word' id='word_1_409' title='bbox 2394 4160 2837 4250; x_wconf 75' lang='lat' dir='ltr'><strong>originaliter</strong></span> <span class='ocrx_word' id='word_1_410' title='bbox 2876 4164 3306 4248; x_wconf 79' lang='lat' dir='ltr'><strong>evangelium</strong></span> <span class='ocrx_word' id='word_1_411' title='bbox 3364 4174 3676 4235; x_wconf 81' lang='lat' dir='ltr'><strong>nostrum</strong></span> <span class='ocrx_word' id='word_1_412' title='bbox 3709 4168 4099 4248; x_wconf 85' lang='lat' dir='ltr'><strong>scripsisse,</strong></span> <span class='ocrx_word' id='word_1_413' title='bbox 4161 4165 4281 4228; x_wconf 83' lang='lat' dir='ltr'><strong>Pa·</strong></span> 
     </span>
    </p>
   </div>
   <div class='ocr_carea' id='block_1_6' title="bbox 1551 4339 4298 4489">
    <p class='ocr_par' dir='ltr' id='par_1_7' title="bbox 1551 4339 4298 4489">
     <span class='ocr_line' id='line_1_44' title="bbox 1551 4339 4298 4424; baseline 0.007 -31"><span class='ocrx_word' id='word_1_414' title='bbox 1551 4344 1613 4411; x_wconf 84' lang='lat'><strong>1)</strong></span> <span class='ocrx_word' id='word_1_415' title='bbox 1692 4339 1858 4410; x_wconf 81' lang='lat' dir='ltr'><strong>Atqui</strong></span> <span class='ocrx_word' id='word_1_416' title='bbox 1914 4344 1969 4395; x_wconf 79' lang='lat' dir='ltr'><strong>iu</strong></span> <span class='ocrx_word' id='word_1_417' title='bbox 2006 4343 2087 4395; x_wconf 83' lang='lat' dir='ltr'><strong>his</strong></span> <span class='ocrx_word' id='word_1_418' title='bbox 2126 4345 2254 4413; x_wconf 76' lang='lat' dir='ltr'><strong>ipsis</strong></span> <span class='ocrx_word' id='word_1_419' title='bbox 2292 4347 2609 4401; x_wconf 60' lang='lat' dir='ltr'><strong>actionibus</strong></span> <span class='ocrx_word' id='word_1_420' title='bbox 2639 4347 2782 4403; x_wconf 72' lang='lat' dir='ltr'><strong>haud</strong></span> <span class='ocrx_word' id='word_1_421' title='bbox 2813 4364 2938 4421; x_wconf 71' lang='lat' dir='ltr'><strong>raro</strong></span> <span class='ocrx_word' id='word_1_422' title='bbox 2981 4365 3011 4400; x_wconf 82' lang='lat' dir='ltr'><strong>s</strong></span> <span class='ocrx_word' id='word_1_423' title='bbox 3053 4350 3291 4402; x_wconf 71' lang='lat' dir='ltr'><strong>versione</strong></span> <span class='ocrx_word' id='word_1_424' title='bbox 3343 4346 3497 4409; x_wconf 79' lang='lat' dir='ltr'><strong>Alex.</strong></span> <span class='ocrx_word' id='word_1_425' title='bbox 3542 4351 3757 4403; x_wconf 71' lang='lat' dir='ltr'><strong>liberius</strong></span> <span class='ocrx_word' id='word_1_426' title='bbox 3808 4344 4035 4405; x_wconf 72' lang='lat' dir='ltr'><strong>declinat</strong></span> <span class='ocrx_word' id='word_1_427' title='bbox 4093 4354 4298 4424; x_wconf 75' lang='lat' dir='ltr'><strong>Noster,</strong></span> 
     </span>
     <span class='ocr_line' id='line_1_45' title="bbox 1691 4410 3456 4489; baseline 0.008 -25"><span class='ocrx_word' id='word_1_428' title='bbox 1691 4414 1760 4471; x_wconf 77' lang='lat' dir='ltr'><strong>cf.</strong></span> <span class='ocrx_word' id='word_1_429' title='bbox 1791 4413 1980 4473; x_wconf 71' lang='lat' dir='ltr'><strong>Matth.</strong></span> <span class='ocrx_word' id='word_1_430' title='bbox 2020 4410 2086 4480; x_wconf 73' lang='grc'><strong>4,</strong></span> <span class='ocrx_word' id='word_1_431' title='bbox 2136 4414 2224 4469; x_wconf 88' lang='grc'><strong>10.</strong></span> <span class='ocrx_word' id='word_1_432' title='bbox 2262 4416 2363 4478; x_wconf 84' lang='lat'><strong>11.</strong></span> <span class='ocrx_word' id='word_1_433' title='bbox 2412 4416 2502 4477; x_wconf 83' lang='lat'><strong>10.</strong></span> <span class='ocrx_word' id='word_1_434' title='bbox 2539 4420 2641 4486; x_wconf 78' lang='lat'><strong>21,</strong></span> <span class='ocrx_word' id='word_1_435' title='bbox 2689 4420 2778 4489; x_wconf 76' lang='lat'><strong>13.</strong></span> <span class='ocrx_word' id='word_1_436' title='bbox 2812 4425 2916 4480; x_wconf 82' lang='lat'><strong>22.</strong></span> <span class='ocrx_word' id='word_1_437' title='bbox 2971 4419 3062 4474; x_wconf 82' lang='grc'><strong>31.</strong></span> <span class='ocrx_word' id='word_1_438' title='bbox 3102 4420 3191 4476; x_wconf 90' lang='grc'><strong>37.</strong></span> <span class='ocrx_word' id='word_1_439' title='bbox 3220 4419 3321 4480; x_wconf 80' lang='lat'><strong>26.</strong></span> <span class='ocrx_word' id='word_1_440' title='bbox 3363 4416 3456 4478; x_wconf 80' lang='lat'><strong>31.</strong></span> 
     </span>
    </p>
   </div>
   <div class='ocr_carea' id='block_1_7' title="bbox 1551 4505 4297 4585">
    <p class='ocr_par' dir='ltr' id='par_1_8' title="bbox 1551 4505 4297 4585">
     <span class='ocr_line' id='line_1_46' title="bbox 1551 4505 4297 4585; baseline 0.005 -23"><span class='ocrx_word' id='word_1_441' title='bbox 1551 4505 1613 4575; x_wconf 84' lang='lat'><strong>1)</strong></span> <span class='ocrx_word' id='word_1_442' title='bbox 1696 4507 2009 4579; x_wconf 72' lang='lat' dir='ltr'><strong>nuperrime</strong></span> <span class='ocrx_word' id='word_1_443' title='bbox 2063 4507 2347 4565; x_wconf 60' lang='lat' dir='ltr'><strong>setonam</strong></span> <span class='ocrx_word' id='word_1_444' title='bbox 2384 4509 2499 4570; x_wconf 75' lang='lat' dir='ltr'><strong>cel.</strong></span> <span class='ocrx_word' id='word_1_445' title='bbox 2524 4514 2579 4565; x_wconf 79' lang='lat' dir='ltr'><strong>iu</strong></span> <span class='ocrx_word' id='word_1_446' title='bbox 2610 4514 2649 4567; x_wconf 83' lang='lat'><strong>1.</strong></span> <span class='ocrx_word' id='word_1_447' title='bbox 2684 4514 2723 4567; x_wconf 86' lang='lat'><strong>1.</strong></span> <span class='ocrx_word' id='word_1_448' title='bbox 2749 4531 2806 4585; x_wconf 78' lang='lat' dir='ltr'><strong>p.</strong></span> <span class='ocrx_word' id='word_1_449' title='bbox 2831 4512 2921 4571; x_wconf 74' lang='lat'><strong>69.</strong></span> <span class='ocrx_word' id='word_1_450' title='bbox 2944 4510 3179 4579; x_wconf 81' lang='lat' dir='ltr'><strong>ejusdem</strong></span> <span class='ocrx_word' id='word_1_451' title='bbox 3213 4512 3497 4566; x_wconf 58' lang='lat' dir='ltr'><strong>autentim</strong></span> <span class='ocrx_word' id='word_1_452' title='bbox 3542 4517 3798 4568; x_wconf 67' lang='lat' dir='ltr'><strong>(sutorem</strong></span> <span class='ocrx_word' id='word_1_453' title='bbox 3844 4514 4297 4584; x_wconf 77' lang='lat' dir='ltr'><strong>deprehendimus.</strong></span> 
     </span>
    </p>
   </div>
   <div class='ocr_carea' id='block_1_8' title="bbox 4894 4891 4904 5416">
    <p class='ocr_par' dir='ltr' id='par_1_9' title="bbox 4894 4891 4904 5416">
     <span class='ocr_line' id='line_1_47' title="bbox 4894 4891 4904 5416; baseline 0 0"><span class='ocrx_word' id='word_1_454' title='bbox 4894 4891 4904 5416; x_wconf 95' lang='lat' dir='ltr'><strong> </strong></span> 
     </span>
    </p>
   </div>
  </div>
 </body>
</html>
