4942 5884
2737 611 3248 692 ...30-

1588 811 1915 885 matth.
1959 807 2194 886 xn‚9
2225 828 2372 896 sqq.
2417 810 2607 877 coll·
2666 811 2934 881 Marc.
2993 813 3094 880 111
3152 816 3246 880 ab
3309 816 3511 880 init.
3578 822 3662 878 et
3738 815 3929 878 Luc.
4002 814 4204 891 v1‚6
4258 837 4405 902 sqq.

1589 897 1893 967 Manui
2003 890 2365 956 tabidae
2419 892 2835 958 Christus
2908 895 3048 959 die
3121 896 3551 972 Sabbathi
3614 894 4038 959 medetur.
4176 899 4404 960 Lucas

1591 978 1987 1045 accuratius
2028 974 2280 1050 refert,
2349 976 2773 1036 sanationem
2816 978 3065 1039 factam
3122 994 3302 1054 esse,
3377 975 3539 1039 dum
3600 995 3854 1059 synago
3906 995 4014 1037 am
4078 976 4409 1042 introiret

1593 1060 1944 1131 Christus,
2002 1055 2072 1117 ἐν
2113 1054 2347 1135 ὂτύρφ
2385 1051 2719 1136 σαββάτῳ.
2803 1057 3007 1139 Apud
3047 1056 3481 1121 Matthaeum
3524 1055 3835 1118 homines
3932 1055 4067 1119 aud
4110 1057 4399 1139 amplius

1594 1139 1818 1202 notati
1862 1133 2215 1199 Christum
2256 1138 2489 1198 statim
2530 1138 2996 1220 interrogant,
3056 1156 3219 1199 num
3281 1137 3393 1200 die
3459 1136 3778 1199 sabbathi
3857 1154 4100 1199 sanare
4151 1137 4405 1212 liceat?

1596 1221 1838 1297 Longe
1879 1233 2048 1276 vero
2108 1212 2231 1275 dili
2281 1219 2511 1278 entius
2569 1225 2645 1280 et
2678 1217 2786 1280 rei
2828 1222 3115 1281 naturae
3153 1217 3368 1280 multo
3411 1219 3627 1301 magis
3669 1217 4158 1279 convenienter
4212 1235 4410 1279 enar-

1594 1306 1753 1361 rant
1793 1296 2078 1358 Marcus
2120 1302 2190 1356 et
2298 1314 2457 1359 ucat
2500 1297 2692 1361 chc.
2782 1295 2971 1378 Quae
3014 1316 3183 1360 vero
3226 1317 3268 1359 a
3311 1299 3486 1362 Ven.
3548 1293 4107 1374 Heydenreichio
4169 1307 4410 1360 contra

1590 1375 1938 1459 disputata
1983 1374 2431 1455 reperiuntur
2459 1379 2575 1454 (in
2621 1374 2798 1439 diar.
2844 1376 2893 1439 l.
2961 1397 3027 1459 p.
3046 1377 3167 1441 425
3198 1415 3228 1430 -
3257 1380 3392 1456 27.)
3447 1374 3535 1438 ad
3595 1394 3930 1439 summum
3989 1374 4191 1439 modo
4248 1395 4407 1458 pro·

1589 1459 1870 1533 bai-ent,
1929 1453 2061 1516 hoc
2124 1457 2504 1538 exemplum
2563 1455 2653 1518 ad
2712 1458 3121 1529 sententiam
3176 1466 3480 1519 nostram
3532 1454 3856 1529 tuendam
3917 1457 4206 1518 minoris
4264 1476 4408 1520 esse

1585 1538 1958 1608 momenti3
2016 1534 2413 1601 observatio
2456 1538 2642 1602 enim
2683 1539 2831 1620 ipsa
2869 1544 3064 1600 textu
3085 1538 3620 1622 evangeliorum
3659 1537 3999 1619 synoptic.
4056 1537 4222 1600 satis
4265 1545 4410 1600 sta-

1589 1618 1793 1682 bilita
1833 1623 2135 1698 apparet.

2928 1795 2987 1880 §-
3020 1797 3126 1862 ss.

1760 1909 1973 1973 Aliud
2030 1912 2458 1994 maximeque
2520 1913 2823 1976 notabile
2882 1932 3069 1976 exem
3120 1911 3262 1974 lum
3322 1913 3641 1994 exposuit
3697 1913 3878 1978 Ven.
3936 1911 4299 1980 Schulzius
4340 1935 4408 2015 p.

1597 1995 1716 2059 317
1745 2011 1892 2073 sqq.
1982 1991 2158 2056 Luc.
2204 1989 2334 2069 XI,
2371 1991 2453 2054 30
2488 2012 2633 2075 sqq.
2683 1993 2836 2059 coll.
2885 1993 3068 2056 Matt
3122 2037 3136 2057 .
3182 1991 3352 2069 XII,
3380 1995 3462 2055 1⁸0
3487 2012 3633 2075 sqq.
3719 1991 3919 2075 Apud
3980 1997 4240 2058 Lucam
4296 2016 4413 2058 m-

1596 2076 1846 2136 mirum
1892 2070 2160 2151 ablegat
2199 2070 2537 2134 Dominus
2581 2073 3015 2136 adversarios
3054 2071 3139 2137 ad
3181 2072 3397 2134 Jonae
3439 2091 3629 2135 exem
3675 2073 3849 2153 lum,
4002 2077 4026 2136 i
4070 2074 4409 2140 Ninivitis

1596 2150 1869 2230 eodem,
1926 2170 2061 2232 quo
2102 2148 2286 2212 filius
2331 2149 2629 2216 hominis
2673 2154 3075 2235 aequalibus
3119 2154 3260 2215 suis
3303 2150 3540 2229 modo,
3661 2154 3853 2216 ivino
3942 2157 4127 2216 uerit
4187 2157 4412 2240 signo,

1597 2229 1785 2316 quod
1826 2233 2027 2293 facile
2067 2228 2286 2294 intelli
2339 2232 2485 2294 itur
2526 2253 2607 2296 ac
2649 2253 2881 2296 rerum
2928 2243 3214 2295 naturae
3256 2234 3742 2297 convenienter
3800 2237 4195 2316 optimoque
4250 2255 4413 2299 con-

1595 2320 1794 2376 textu
1861 2311 2141 2396 legitur.
2244 2308 2299 2371 C
2353 2314 2563 2374 ristus
2632 2323 2981 2396 comparat
3034 2331 3274 2394 nempe
3333 2315 3544 2375 vitam
3600 2313 3819 2375 Jouae
3879 2316 4157 2397 ejusque
4210 2334 4414 2397 prae-

1575 2391 2015 2456 'dicationem
2055 2389 2515 2454 Niniviticum
2556 2414 2712 2456 cum
2760 2413 2881 2455 sua
2924 2395 3072 2456 vita
3114 2402 3184 2455 et
3223 2390 3739 2474 praedicatione
3780 2393 3866 2456 ad
3910 2394 4222 2474 aequales
4252 2415 4412 2458 auos

1600 2489 1966 2548 conversa,
2023 2467 2121 2532 ita
2163 2478 2244 2533 ut
2284 2475 2709 2554 comparatio
2733 2491 2918 2535 mere
2957 2476 3050 2537 sit
3090 2472 3494 2554 spiritualis.
3560 2471 3762 2555 Apud
3787 2473 4214 2536 Matthaeum
4243 2494 4415 2537 vero

1598 2552 1789 2615 illam
1835 2547 2228 2612 Servatoris
2272 2547 2924 2615 demonstrationem
2979 2572 3258 2634 prorsus
3316 2552 3519 2614 aliter
3570 2561 4031 2650 comparatam
4086 2557 4413 2636 conspici·

1595 2649 1786 2706 mus3
1826 2627 1943 2691 hic
1984 2630 2168 2690 enim
2204 2625 2414 2694 Jonas
2456 2641 2528 2694 et
2557 2630 2893 2695 habitatio
2934 2634 2959 2694 i
3011 2634 3152 2695 sius
3196 2650 3320 2713 per
3363 2630 3672 2695 triduum
3717 2653 3791 2695 in
3835 2633 3967 2694 ceti
3990 2643 4228 2695 ventre
4267 2654 4414 2697 non

1597 2709 1940 2774 Ninivitis
1985 2709 2182 2793 signo
2231 2711 2444 2772 fuisse
2487 2711 2784 2789 dicitur,
2858 2651 3005 2774 σαεξ
3038 2713 3268 2794 potius
3326 2710 3591 2774 Christi
3649 2713 4046 2794 aequalibus
4099 2732 4245 2776 esse
4301 2712 4416 2776 de-

1595 2791 1863 2866 buisse,
1906 2787 2116 2870 idque
2155 2788 2290 2863 ita,
2352 2799 2433 2854 ut
2490 2791 2825 2854 Dominus
2868 2810 2994 2874 per
3046 2800 3187 2853 tres
3231 2788 3377 2854 dies
3434 2800 3803 2875 noctesque
3844 2795 3919 2854 in
3973 2795 4131 2854 sinu
4182 2803 4417 2858 terrae

1598 2873 1878 2937 futurus
1920 2870 2046 2930 sit!
2091 2900 2174 2916 —
2254 2868 2684 2934 Salvatorem
2745 2890 2912 2935 vero
2965 2871 3258 2955 triginta·
3308 2889 3425 2934 sex
3477 2873 3763 2935 circiter
3819 2871 4026 2934 horas
4082 2873 4157 2933 in
4212 2882 4414 2937 antro

1595 2949 1966 3032 sepulcrali
2010 2948 2405 3012 recubuisse
2447 2960 2749 3021 constat.
2808 2959 2879 3014 et
2918 2950 3118 3013 Illum
3160 2959 3516 3031 praeterea
3556 2961 3697 3014 tam
3739 2948 4063 3015 distincte
4119 2961 4190 3014 et
4250 2950 4415 3016 defi-

1594 3035 1741 3095 nite
1784 3026 1868 3090 de
1912 3030 2418 3092 resurrectione
2458 3050 2584 3093 sua
2626 3034 3010 3113 praefatum
3050 3049 3228 3111 esse,
3277 3031 3434 3095 coll.
3489 3032 3826 3114 imprimis
3895 3031 4096 3096 Joan.
4129 3030 4298 3107 XX,
4326 3035 4415 3112 9.‚

1596 3114 1752 3194 jure
1795 3106 2226 3188 addubitari,
2283 3109 2665 3175 rectissime
2704 3109 3195 3174 animadvertit
3249 3111 3386 3173 Vir
3438 3110 3559 3173 Ille
3612 3109 3958 3174 eruditiss.
4014 3110 4217 3194 p.318
4257 3113 4415 3177 coll.

1652 3189 1824 3250 AM.
1866 3189 1924 3262 ²)
2012 3189 2197 3270 Quae
2245 3210 2453 3266 quum
2497 3192 2589 3250 ita
2637 3193 2811 3268 sint,
2870 3189 3069 3252 nobis
3111 3199 3300 3252 certe
3352 3193 3737 3254 necessario
3800 3190 4235 3255 statuendum
4290 3203 4415 3269 est,

1600 3214 2032 3330 Rhiztlffleum
2076 3270 2117 3330 L
2145 3290 2201 3326 c.
2293 3270 2569 3330 [lumini
2617 3270 2894 3331 effatum
2939 3267 3112 3331 male
3166 3266 3581 3332 intellexisse
3642 3280 3845 3371 atque
3908 3269 4417 3354 interpretatio·

1600 3370 1756 3410 nem
1796 3350 1980 3406 cnuti
2028 3346 2213 3406 illius
2261 3346 2421 3410 huic
2465 3350 2613 3410 lucu
2660 3351 2940 3411 omnino
2978 3366 3115 3411 non
3162 3347 3669 3412 accommodate
3722 3353 4120 3415 inseruisse.
4222 3352 4414 3416 Haec

1600 3446 1768 3490 veru
1836 3430 2173 3486 sententia
2245 3430 2692 3491 confirmatur
2747 3430 2955 3491 etiam
3017 3429 3388 3491 collatione
3442 3424 3700 3493 Matth.
3759 3449 3824 3494 v.
3849 3430 4075 3496 cndu.
4131 3448 4287 3494 cum
4342 3433 4417 3499 11.

1600 3506 1780 3590 apud
1828 3506 2084 3566 Lucum
2133 3510 2505 3586 paralleli&
2565 3511 2684 3590 qui
2724 3526 2966 3572 versus
3009 3506 3436 3571 solummodo
3463 3506 3805 3592 quadrant
3831 3510 4418 3593 interpretationi,

1604 3610 1804 3670 quam
1852 3586 2165 3650 exhihuit
2209 3590 2453 3650 Lucas.
2545 3590 2760 3651 Purro
2804 3596 3069 3661 autem,
3135 3590 3197 3650 si
3249 3605 3419 3652 vera
3476 3588 3659 3671 apud
3712 3588 4144 3655 matthaeum
4198 3601 4416 3655 exsta·

1600 3681 1708 3730 ret
1748 3670 1936 3726 effati
1992 3666 2181 3726 illius
2237 3674 2613 3750 expositio.
2687 3669 2943 3732 mirum
2992 3686 3153 3731 sane
3208 3665 3607 3741 videretur,
3670 3668 4016 3752 quomodo
4082 3670 4417 3736 Servatur

1596 3766 1988 3832 perversam
2032 3746 2349 3810 miraculi
2393 3750 2796 3830 insignioris
2841 3748 2991 3810 effla
3042 3749 3399 3811 itationem
3416 3749 3718 3832 primum
3755 3749 4110 3832 rejecerit,
4167 3748 4418 3815 deinde

1600 3846 1768 3890 veru
1816 3826 2036 3886 nihilo
2080 3830 2301 3890 secius
2349 3834 2413 3890 ei
2453 3831 2900 3901 satisfecerit,
2962 3829 2989 3888 i
3039 3847 3171 3912 que
3211 3829 3312 3891 ita
3353 3836 3435 3891 ut
3476 3827 3831 3892 audientes
3902 3849 3988 3892 ne
4048 3846 4085 3891 e
4145 3830 4262 3893 lon
4316 3833 4419 3893 ‘n-

1600 3930 1734 3990 quu
1780 3906 2052 3990 quidem
2100 3910 2485 3994 intelligere
2529 3911 2910 3990 potuissent
2933 3909 3023 3986 ⁸).
3109 3909 3298 3990 Quae
3357 3927 3527 3972 vero
3585 3906 4189 3995 Heydenreichius
4301 3911 4420 3978 ,5.

1670 4115 1727 4182 1)
1802 4109 1931 4167 Vid.
1961 4107 2098 4161 Has·
2129 4107 2323 4176 §.1012
2357 4109 2553 4181 9431.
2582 4107 2763 4165 Liickn
2798 4109 3189 4167 V.S.·Comm.
3223 4112 3293 4164 ad
3323 4110 3470 4166 sod.
3504 4109 3680 4182 pm
3702 4129 3816 4182 sqq.
3846 4110 3923 4176 11.
3968 4114 4163 4183 φάθι
4196 4115 4284 4171 ct.
4328 4118 4422 4171 ἕο·

1809 4176 1919 4240 14,
1950 4179 2106 4236 1·⁴.
2142 4179 2361 4238 18-23.
2389 4181 2481 4237 2⁸.
2515 4182 2614 4247 16,
2654 4185 2860 4252 wan.
2896 4184 3020 4236 ooll-
3052 4183 3368 4247 naahas,
3400 4182 3491 4242 21.
3525 4182 3626 4249 17,
3663 4184 3753 4240 19.
3784 4179 3880 4240 23.
3912 4186 4016 4249 2⁰,
4052 4184 4142 4244 19.
4178 4185 4282 4251 12.
4329 4186 4424 4246 40·

1811 4253 1918 4314 26,
1951 4251 2042 4306 32.
2075 4267 2201 4302 cum
2230 4251 2292 4302 11.
2326 4254 2512 4322 par-ll.
2549 4270 2634 4320 ap.
2666 4254 2832 4310 uuo.
2882 4265 2935 4306 et
2990 4252 3209 4306 Luem.
3291 4251 3419 4310 Vid.
3467 4253 3661 4306 Paulus
3707 4251 3858 4311 V.S.
3904 4257 3961 4312 in
4010 4255 4051 4306 1.
4104 4255 4195 4308 das
4241 4256 4423 4313 Leben

1807 4320 2060 4446 Jcsgzals
2110 4319 2419 4390 Gruudlsge
2451 4323 2595 4377 einer
2626 4326 2809 4379 κίοσι
2858 4323 3053 4381 Geoch.
3101 4322 3194 4378 des
3241 4323 3499 4381 Urchrist.
3550 4323 3618 4380 T.
3632 4321 3679 4381 Ι.
3712 4335 3843 4380 sect.
3858 4323 3913 4380 2.
3945 4323 4224 4394 ssffleidelb.
4240 4327 4424 4400 1828.)

1798 4409 1858 4460 ι).
1984 4429 2002 4448 .

1661 4488 1759 4559 2(-
1795 4486 1880 4540 De
1915 4486 2066 4553 signo
2107 4484 2267 4539 lonas
2296 4483 2404 4538 vid·
2433 4485 2627 4555 Rettig.
2661 4488 2720 4541 in
2752 4489 2793 4547 1.
2844 4484 3220 4559 Ephomerides
3259 4491 3523 4558 exegetica
3539 4487 3817 4559 -theoloffi
3850 4491 3979 4551 fasc.
3997 4490 4097 4547 111.
4123 4492 4422 4571 p.393qq.,

1815 4558 1906 4628 qui
1939 4556 2136 4625 pariter
2159 4557 2341 4610 statuit
2373 4557 2414 4611 1.
2448 4557 2641 4623 unuh.
2665 4556 2763 4624 12,
2796 4559 2890 4618 40.
2922 4578 2954 4612 ι
2986 4561 3224 4614 Domino
3264 4575 3376 4614 uon
3408 4577 3517 4615 csse
3553 4557 3773 4614 dictum.
