<?xml version="1.0" encoding="UTF-8"?>
<!DOCTYPE html PUBLIC "-//W3C//DTD XHTML 1.0 Transitional//EN"
    "http://www.w3.org/TR/xhtml1/DTD/xhtml1-transitional.dtd">
<html xmlns="http://www.w3.org/1999/xhtml" xml:lang="en" lang="en">
 <head>
  <title>
</title>
<meta http-equiv="Content-Type" content="text/html;charset=utf-8" />
  <meta name='ocr-system' content='tesseract 3.04.00' />
  <meta name='ocr-capabilities' content='ocr_page ocr_carea ocr_par ocr_line ocrx_word'/>
</head>
<body>
  <div class='ocr_page' id='page_1' title='image "./recentioresdeau00klengoog_0014.png"; bbox 0 0 4942 5884; ppageno 0'>
   <div class='ocr_carea' id='block_1_1' title="bbox 2626 592 3081 669">
    <p class='ocr_par' dir='ltr' id='par_1_1' title="bbox 2626 592 3081 669">
     <span class='ocr_line' id='line_1_1' title="bbox 2626 592 3081 669; baseline 0.002 -25"><span class='ocrx_word' id='word_1_1' title='bbox 2626 592 3081 669; x_wconf 76' lang='grc'><strong>...6.-</strong></span> 
     </span>
    </p>
   </div>
   <div class='ocr_carea' id='block_1_2' title="bbox 1995 790 3741 955">
    <p class='ocr_par' dir='ltr' id='par_1_2' title="bbox 1995 790 3741 955">
     <span class='ocr_line' id='line_1_2' title="bbox 2811 795 2974 857; baseline 0 0"><span class='ocrx_word' id='word_1_2' title='bbox 2811 838 2828 853; x_wconf 87' lang='grc'>.</span> <span class='ocrx_word' id='word_1_3' title='bbox 2910 795 2974 857; x_wconf 79' lang='lat'>2.</span> 
     </span>
     <span class='ocr_line' id='line_1_3' title="bbox 1995 790 3741 955; baseline -0.004 -1"><span class='ocrx_word' id='word_1_4' title='bbox 1995 898 2105 954; x_wconf 79' lang='lat' dir='ltr'>DE</span> <span class='ocrx_word' id='word_1_5' title='bbox 2174 898 2688 954; x_wconf 73' lang='lat' dir='ltr'>AUTHENTmA</span> <span class='ocrx_word' id='word_1_6' title='bbox 2759 790 2893 954; x_wconf 53' lang='lat' dir='ltr'>{VC</span> <span class='ocrx_word' id='word_1_7' title='bbox 2966 898 3265 952; x_wconf 81' lang='grc' dir='ltr'><strong>ΜΑΤΤΗ.</strong></span> <span class='ocrx_word' id='word_1_8' title='bbox 3341 898 3741 955; x_wconf 73' lang='lat' dir='ltr'>EXTERNA.</span> 
     </span>
    </p>
   </div>
   <div class='ocr_carea' id='block_1_3' title="bbox 1459 1022 4301 3263">
    <p class='ocr_par' dir='ltr' id='par_1_3' title="bbox 1459 1022 4287 1673">
     <span class='ocr_line' id='line_1_4' title="bbox 1626 1022 4274 1105; baseline -0 -16"><span class='ocrx_word' id='word_1_9' title='bbox 1626 1023 2072 1089; x_wconf 83' lang='lat' dir='ltr'>Anthentiam</span> <span class='ocrx_word' id='word_1_10' title='bbox 2115 1043 2218 1086; x_wconf 87' lang='lat' dir='ltr'>ev.</span> <span class='ocrx_word' id='word_1_11' title='bbox 2265 1022 2519 1085; x_wconf 81' lang='lat' dir='ltr'>Matth.</span> <span class='ocrx_word' id='word_1_12' title='bbox 2564 1033 2912 1085; x_wconf 86' lang='lat' dir='ltr'>externam</span> <span class='ocrx_word' id='word_1_13' title='bbox 2953 1024 3460 1105; x_wconf 84' lang='lat' dir='ltr'>perscrutaturi</span> <span class='ocrx_word' id='word_1_14' title='bbox 3503 1025 3576 1085; x_wconf 89' lang='lat' dir='ltr'>in</span> <span class='ocrx_word' id='word_1_15' title='bbox 3617 1042 3699 1084; x_wconf 89' lang='lat' dir='ltr'>eo</span> <span class='ocrx_word' id='word_1_16' title='bbox 3743 1041 4133 1103; x_wconf 78' lang='lat' dir='ltr'>versamur,</span> <span class='ocrx_word' id='word_1_17' title='bbox 4197 1034 4274 1089; x_wconf 77' lang='lat' dir='ltr'>ut</span> 
     </span>
     <span class='ocr_line' id='line_1_5' title="bbox 1460 1102 4278 1191; baseline -0.002 -21"><span class='ocrx_word' id='word_1_18' title='bbox 1460 1106 1952 1191; x_wconf 68' lang='lat' dir='ltr'><strong>perlustramus</strong></span> <span class='ocrx_word' id='word_1_19' title='bbox 1996 1114 2066 1164; x_wconf 88' lang='lat' dir='ltr'>et</span> <span class='ocrx_word' id='word_1_20' title='bbox 2106 1106 2583 1184; x_wconf 84' lang='lat' dir='ltr'>anquiramus,</span> <span class='ocrx_word' id='word_1_21' title='bbox 2674 1102 2841 1185; x_wconf 79' lang='lat' dir='ltr'>quid</span> <span class='ocrx_word' id='word_1_22' title='bbox 2881 1114 3079 1166; x_wconf 80' lang='lat' dir='ltr'>vetus</span> <span class='ocrx_word' id='word_1_23' title='bbox 3126 1102 3416 1167; x_wconf 86' lang='lat' dir='ltr'>ecclesia</span> <span class='ocrx_word' id='word_1_24' title='bbox 3457 1102 3540 1185; x_wconf 82' lang='lat' dir='ltr'>de</span> <span class='ocrx_word' id='word_1_25' title='bbox 3584 1103 4090 1188; x_wconf 69' lang='lat' dir='ltr'>evangeliolillo</span> <span class='ocrx_word' id='word_1_26' title='bbox 4124 1124 4278 1167; x_wconf 89' lang='lat' dir='ltr'>cen-</span> 
     </span>
     <span class='ocr_line' id='line_1_6' title="bbox 1459 1182 4281 1266; baseline -0.001 -15"><span class='ocrx_word' id='word_1_27' title='bbox 1459 1188 1680 1251; x_wconf 82' lang='lat' dir='ltr'>suerit</span> <span class='ocrx_word' id='word_1_28' title='bbox 1735 1187 2233 1266; x_wconf 82' lang='lat' dir='ltr'>memoriaeque</span> <span class='ocrx_word' id='word_1_29' title='bbox 2276 1182 2676 1263; x_wconf 84' lang='lat' dir='ltr'>prodiderit.</span> <span class='ocrx_word' id='word_1_30' title='bbox 2762 1184 3192 1245; x_wconf 89' lang='lat' dir='ltr'>Testimonia</span> <span class='ocrx_word' id='word_1_31' title='bbox 3234 1194 3459 1245; x_wconf 88' lang='lat' dir='ltr'>autem</span> <span class='ocrx_word' id='word_1_32' title='bbox 3506 1184 3641 1246; x_wconf 88' lang='lat' dir='ltr'>huc</span> <span class='ocrx_word' id='word_1_33' title='bbox 3682 1204 3712 1243; x_wconf 86' lang='lat' dir='ltr'>s</span> <span class='ocrx_word' id='word_1_34' title='bbox 3762 1185 4095 1256; x_wconf 82' lang='lat' dir='ltr'>ectantia,</span> <span class='ocrx_word' id='word_1_35' title='bbox 4158 1184 4281 1247; x_wconf 90' lang='lat' dir='ltr'>du·</span> 
     </span>
     <span class='ocr_line' id='line_1_7' title="bbox 1465 1261 4281 1350; baseline -0.001 -22"><span class='ocrx_word' id='word_1_36' title='bbox 1465 1268 1665 1350; x_wconf 84' lang='lat' dir='ltr'>plicis</span> <span class='ocrx_word' id='word_1_37' title='bbox 1705 1265 1822 1326; x_wconf 90' lang='lat' dir='ltr'>illa</span> <span class='ocrx_word' id='word_1_38' title='bbox 1866 1264 2168 1348; x_wconf 82' lang='lat' dir='ltr'>generis,</span> <span class='ocrx_word' id='word_1_39' title='bbox 2227 1261 2597 1343; x_wconf 81' lang='lat' dir='ltr'>dupliciter</span> <span class='ocrx_word' id='word_1_40' title='bbox 2657 1282 2802 1325; x_wconf 90' lang='lat' dir='ltr'>esse</span> <span class='ocrx_word' id='word_1_41' title='bbox 2865 1261 3373 1332; x_wconf 83' lang='lat' dir='ltr'>distribuenda.</span> <span class='ocrx_word' id='word_1_42' title='bbox 3449 1266 3632 1325; x_wconf 88' lang='lat' dir='ltr'>inter</span> <span class='ocrx_word' id='word_1_43' title='bbox 3761 1265 3852 1326; x_wconf 89' lang='lat' dir='ltr'>V.</span> <span class='ocrx_word' id='word_1_44' title='bbox 3906 1262 4058 1325; x_wconf 90' lang='lat' dir='ltr'>DD.</span> <span class='ocrx_word' id='word_1_45' title='bbox 4121 1283 4281 1326; x_wconf 89' lang='lat' dir='ltr'>con-</span> 
     </span>
     <span class='ocr_line' id='line_1_8' title="bbox 1462 1344 4281 1428; baseline -0.001 -18"><span class='ocrx_word' id='word_1_46' title='bbox 1462 1356 1623 1411; x_wconf 84' lang='lat' dir='ltr'>stat.</span> <span class='ocrx_word' id='word_1_47' title='bbox 1709 1344 1840 1405; x_wconf 85' lang='lat' dir='ltr'>His</span> <span class='ocrx_word' id='word_1_48' title='bbox 1882 1352 2416 1404; x_wconf 78' lang='lat' dir='ltr'>annumerantur</span> <span class='ocrx_word' id='word_1_49' title='bbox 2464 1346 2794 1428; x_wconf 79' lang='lat' dir='ltr'>vestigia,</span> <span class='ocrx_word' id='word_1_50' title='bbox 2858 1362 3032 1424; x_wconf 85' lang='lat' dir='ltr'>quae</span> <span class='ocrx_word' id='word_1_51' title='bbox 3074 1345 3401 1425; x_wconf 86' lang='lat' dir='ltr'>probant,</span> <span class='ocrx_word' id='word_1_52' title='bbox 3459 1345 3866 1424; x_wconf 72' lang='lat' dir='ltr'>scriptorem</span> <span class='ocrx_word' id='word_1_53' title='bbox 3923 1344 4068 1405; x_wconf 81' lang='lat' dir='ltr'>anti</span> <span class='ocrx_word' id='word_1_54' title='bbox 4117 1363 4281 1407; x_wconf 86' lang='lat' dir='ltr'>uum</span> 
     </span>
     <span class='ocr_line' id='line_1_9' title="bbox 1465 1421 4287 1508; baseline -0.001 -19"><span class='ocrx_word' id='word_1_55' title='bbox 1465 1426 1763 1508; x_wconf 76' lang='lat' dir='ltr'>aliquem</span> <span class='ocrx_word' id='word_1_56' title='bbox 1814 1423 2154 1485; x_wconf 78' lang='lat' dir='ltr'>Matthaei</span> <span class='ocrx_word' id='word_1_57' title='bbox 2228 1443 2331 1483; x_wconf 87' lang='lat' dir='ltr'>ev.</span> <span class='ocrx_word' id='word_1_58' title='bbox 2396 1422 2608 1483; x_wconf 86' lang='lat' dir='ltr'>verba</span> <span class='ocrx_word' id='word_1_59' title='bbox 2661 1421 3054 1485; x_wconf 73' lang='lat' dir='ltr'>adhibuisse</span> <span class='ocrx_word' id='word_1_60' title='bbox 3105 1443 3242 1485; x_wconf 88' lang='lat' dir='ltr'>non</span> <span class='ocrx_word' id='word_1_61' title='bbox 3293 1422 3548 1485; x_wconf 84' lang='lat' dir='ltr'>diserte</span> <span class='ocrx_word' id='word_1_62' title='bbox 3603 1422 3915 1505; x_wconf 81' lang='lat' dir='ltr'>quidem,</span> <span class='ocrx_word' id='word_1_63' title='bbox 3994 1441 4066 1483; x_wconf 90' lang='lat' dir='ltr'>se</span> <span class='ocrx_word' id='word_1_64' title='bbox 4184 1426 4287 1485; x_wconf 79' lang='lat' dir='ltr'>ita</span> 
     </span>
     <span class='ocr_line' id='line_1_10' title="bbox 1466 1502 4285 1587; baseline -0.001 -18"><span class='ocrx_word' id='word_1_65' title='bbox 1466 1516 1761 1581; x_wconf 88' lang='lat' dir='ltr'>tantum,</span> <span class='ocrx_word' id='word_1_66' title='bbox 1829 1513 1910 1565; x_wconf 86' lang='lat' dir='ltr'>ut</span> <span class='ocrx_word' id='word_1_67' title='bbox 1952 1523 2035 1566; x_wconf 84' lang='lat' dir='ltr'>ex</span> <span class='ocrx_word' id='word_1_68' title='bbox 2076 1503 2451 1563; x_wconf 88' lang='lat' dir='ltr'>sententiae</span> <span class='ocrx_word' id='word_1_69' title='bbox 2512 1504 2963 1565; x_wconf 85' lang='lat' dir='ltr'>similitudine</span> <span class='ocrx_word' id='word_1_70' title='bbox 3025 1504 3528 1584; x_wconf 77' lang='lat' dir='ltr'>verborumque</span> <span class='ocrx_word' id='word_1_71' title='bbox 3589 1502 4039 1587; x_wconf 79' lang='lat' dir='ltr'>congruentia</span> <span class='ocrx_word' id='word_1_72' title='bbox 4093 1503 4285 1566; x_wconf 83' lang='lat' dir='ltr'>colli-</span> 
     </span>
     <span class='ocr_line' id='line_1_11' title="bbox 1466 1582 4280 1673; baseline -0.002 -25"><span class='ocrx_word' id='word_1_73' title='bbox 1466 1604 1630 1673; x_wconf 72' lang='lat' dir='ltr'>gere</span> <span class='ocrx_word' id='word_1_74' title='bbox 1672 1586 2044 1665; x_wconf 86' lang='lat' dir='ltr'>possimus,</span> <span class='ocrx_word' id='word_1_75' title='bbox 2103 1584 2566 1662; x_wconf 84' lang='lat' dir='ltr'>evangelium,</span> <span class='ocrx_word' id='word_1_76' title='bbox 2632 1582 2714 1644; x_wconf 90' lang='lat' dir='ltr'>de</span> <span class='ocrx_word' id='word_1_77' title='bbox 2758 1603 2892 1664; x_wconf 86' lang='lat' dir='ltr'>quo</span> <span class='ocrx_word' id='word_1_78' title='bbox 2941 1591 3219 1666; x_wconf 76' lang='lat' dir='ltr'>agatur,</span> <span class='ocrx_word' id='word_1_79' title='bbox 3277 1584 3396 1644; x_wconf 89' lang='lat' dir='ltr'>illa</span> <span class='ocrx_word' id='word_1_80' title='bbox 3441 1585 3568 1643; x_wconf 82' lang='lat' dir='ltr'>‘am</span> <span class='ocrx_word' id='word_1_81' title='bbox 3633 1585 3980 1644; x_wconf 71' lang='lat' dir='ltr'>exstitisse</span> <span class='ocrx_word' id='word_1_82' title='bbox 4037 1592 4280 1645; x_wconf 87' lang='lat' dir='ltr'>aetate.</span> 
     </span>
    </p>

    <p class='ocr_par' dir='ltr' id='par_1_4' title="bbox 1465 1605 4301 3263">
     <span class='ocr_line' id='line_1_12' title="bbox 1632 1605 4285 1744; baseline 0 -19"><span class='ocrx_word' id='word_1_83' title='bbox 1632 1665 1721 1726; x_wconf 79' lang='lat' dir='ltr'>At</span> <span class='ocrx_word' id='word_1_84' title='bbox 1770 1666 1844 1723; x_wconf 92' lang='lat' dir='ltr'>ui</span> <span class='ocrx_word' id='word_1_85' title='bbox 1870 1662 1991 1723; x_wconf 90' lang='lat' dir='ltr'>dili</span> <span class='ocrx_word' id='word_1_86' title='bbox 2043 1664 2299 1723; x_wconf 89' lang='lat' dir='ltr'>entiori</span> <span class='ocrx_word' id='word_1_87' title='bbox 2325 1666 2563 1723; x_wconf 81' lang='lat' dir='ltr'>eoru&#39;m</span> <span class='ocrx_word' id='word_1_88' title='bbox 2583 1665 3111 1739; x_wconf 81' lang='lat' dir='ltr'>investigatione</span> <span class='ocrx_word' id='word_1_89' title='bbox 3141 1605 3496 1724; x_wconf 65' lang='lat' dir='ltr'>commode</span> <span class='ocrx_word' id='word_1_90' title='bbox 3515 1662 3958 1744; x_wconf 89' lang='lat' dir='ltr'>supersedere</span> <span class='ocrx_word' id='word_1_91' title='bbox 3975 1660 4175 1724; x_wconf 88' lang='lat' dir='ltr'>nobis</span> <span class='ocrx_word' id='word_1_92' title='bbox 4203 1663 4285 1724; x_wconf 85' lang='lat' dir='ltr'>li-</span> 
     </span>
     <span class='ocr_line' id='line_1_13' title="bbox 1467 1682 4286 1827; baseline -0.001 -21"><span class='ocrx_word' id='word_1_93' title='bbox 1467 1753 1639 1822; x_wconf 84' lang='lat' dir='ltr'>ceat,</span> <span class='ocrx_word' id='word_1_94' title='bbox 1659 1743 1739 1803; x_wconf 89' lang='lat' dir='ltr'>ab</span> <span class='ocrx_word' id='word_1_95' title='bbox 1771 1682 2127 1827; x_wconf 49' lang='lat' dir='ltr'>egantiffius</span> <span class='ocrx_word' id='word_1_96' title='bbox 2147 1741 2470 1802; x_wconf 88' lang='lat' dir='ltr'>lectorem</span> <span class='ocrx_word' id='word_1_97' title='bbox 2488 1743 2723 1803; x_wconf 73' lang='lat' dir='ltr'>benev.</span> <span class='ocrx_word' id='word_1_98' title='bbox 2769 1740 2856 1802; x_wconf 90' lang='lat' dir='ltr'>ad</span> <span class='ocrx_word' id='word_1_99' title='bbox 2889 1743 3240 1825; x_wconf 87' lang='lat' dir='ltr'>praeclara</span> <span class='ocrx_word' id='word_1_100' title='bbox 3256 1740 3690 1804; x_wconf 86' lang='lat' dir='ltr'>Olshausenii</span> <span class='ocrx_word' id='word_1_101' title='bbox 3711 1738 4044 1824; x_wconf 76' lang='lat' dir='ltr'>studia1).</span> <span class='ocrx_word' id='word_1_102' title='bbox 4135 1761 4286 1805; x_wconf 85' lang='lat' dir='ltr'>rae-</span> 
     </span>
     <span class='ocr_line' id='line_1_14' title="bbox 1465 1821 4289 1903; baseline -0.001 -15"><span class='ocrx_word' id='word_1_103' title='bbox 1465 1826 1705 1889; x_wconf 86' lang='lat' dir='ltr'>sertim</span> <span class='ocrx_word' id='word_1_104' title='bbox 1748 1842 1956 1903; x_wconf 84' lang='lat' dir='ltr'>quum</span> <span class='ocrx_word' id='word_1_105' title='bbox 2001 1821 2247 1882; x_wconf 88' lang='lat' dir='ltr'>haecce</span> <span class='ocrx_word' id='word_1_106' title='bbox 2287 1824 2678 1882; x_wconf 79' lang='lat' dir='ltr'>testimonia</span> <span class='ocrx_word' id='word_1_107' title='bbox 2740 1824 3238 1883; x_wconf 87' lang='lat' dir='ltr'>recentioribus</span> <span class='ocrx_word' id='word_1_108' title='bbox 3301 1821 3383 1882; x_wconf 91' lang='lat' dir='ltr'>de</span> <span class='ocrx_word' id='word_1_109' title='bbox 3452 1822 3810 1884; x_wconf 82' lang='lat' dir='ltr'>authentia</span> <span class='ocrx_word' id='word_1_110' title='bbox 3867 1840 3973 1886; x_wconf 81' lang='lat' dir='ltr'>ev.</span> <span class='ocrx_word' id='word_1_111' title='bbox 4117 1821 4289 1885; x_wconf 80' lang='lat' dir='ltr'>atth.</span> 
     </span>
     <span class='ocr_line' id='line_1_15' title="bbox 1468 1900 4288 1989; baseline -0.001 -22"><span class='ocrx_word' id='word_1_112' title='bbox 1468 1903 1981 1989; x_wconf 79' lang='lat' dir='ltr'>quaestionibus</span> <span class='ocrx_word' id='word_1_113' title='bbox 2027 1919 2161 1961; x_wconf 93' lang='lat' dir='ltr'>non</span> <span class='ocrx_word' id='word_1_114' title='bbox 2208 1910 2398 1961; x_wconf 90' lang='lat' dir='ltr'>arcte</span> <span class='ocrx_word' id='word_1_115' title='bbox 2442 1905 2580 1962; x_wconf 89' lang='lat' dir='ltr'>sint</span> <span class='ocrx_word' id='word_1_116' title='bbox 2624 1902 2975 1983; x_wconf 80' lang='lat' dir='ltr'>implicita.</span> <span class='ocrx_word' id='word_1_117' title='bbox 3064 1902 3426 1963; x_wconf 82' lang='lat' dir='ltr'>Praeterea</span> <span class='ocrx_word' id='word_1_118' title='bbox 3465 1901 3741 1963; x_wconf 90' lang='lat' dir='ltr'>tandem</span> <span class='ocrx_word' id='word_1_119' title='bbox 3783 1900 3908 1964; x_wconf 88' lang='lat' dir='ltr'>hac</span> <span class='ocrx_word' id='word_1_120' title='bbox 3951 1920 4036 1962; x_wconf 81' lang='lat' dir='ltr'>ex</span> <span class='ocrx_word' id='word_1_121' title='bbox 4093 1911 4288 1984; x_wconf 87' lang='lat' dir='ltr'>parte</span> 
     </span>
     <span class='ocr_line' id='line_1_16' title="bbox 1471 1980 4290 2064; baseline 0 -19"><span class='ocrx_word' id='word_1_122' title='bbox 1471 2002 1670 2048; x_wconf 87' lang='lat' dir='ltr'>nemo</span> <span class='ocrx_word' id='word_1_123' title='bbox 1732 1981 2155 2055; x_wconf 82' lang='lat' dir='ltr'>authentiam</span> <span class='ocrx_word' id='word_1_124' title='bbox 2221 1981 2565 2064; x_wconf 83' lang='lat' dir='ltr'>evangelii</span> <span class='ocrx_word' id='word_1_125' title='bbox 2619 1985 2841 2042; x_wconf 88' lang='lat' dir='ltr'>nostri</span> <span class='ocrx_word' id='word_1_126' title='bbox 2899 1980 3452 2055; x_wconf 80' lang='lat' dir='ltr'>addubitaverit3</span> <span class='ocrx_word' id='word_1_127' title='bbox 3528 1982 3821 2058; x_wconf 88' lang='lat' dir='ltr'>etenim,</span> <span class='ocrx_word' id='word_1_128' title='bbox 3896 1983 4042 2048; x_wconf 83' lang='lat' dir='ltr'>fac,</span> <span class='ocrx_word' id='word_1_129' title='bbox 4118 1980 4290 2045; x_wconf 78' lang='lat' dir='ltr'>haec</span> 
     </span>
     <span class='ocr_line' id='line_1_17' title="bbox 1479 2059 4289 2146; baseline -0.001 -20"><span class='ocrx_word' id='word_1_130' title='bbox 1479 2064 1812 2146; x_wconf 77' lang='lat' dir='ltr'>vestigia,</span> <span class='ocrx_word' id='word_1_131' title='bbox 1853 2064 1927 2121; x_wconf 90' lang='lat' dir='ltr'>in</span> <span class='ocrx_word' id='word_1_132' title='bbox 1969 2062 2245 2142; x_wconf 86' lang='lat' dir='ltr'>scriptis</span> <span class='ocrx_word' id='word_1_133' title='bbox 2292 2059 2418 2119; x_wconf 89' lang='lat' dir='ltr'>PP.</span> <span class='ocrx_word' id='word_1_134' title='bbox 2464 2059 3026 2143; x_wconf 83' lang='lat' dir='ltr'>Apostolicorum</span> <span class='ocrx_word' id='word_1_135' title='bbox 3085 2061 3323 2140; x_wconf 87' lang='lat' dir='ltr'>obvia,</span> <span class='ocrx_word' id='word_1_136' title='bbox 3368 2080 3507 2123; x_wconf 88' lang='lat' dir='ltr'>non</span> <span class='ocrx_word' id='word_1_137' title='bbox 3579 2070 3881 2137; x_wconf 77' lang='lat' dir='ltr'>exstare,</span> <span class='ocrx_word' id='word_1_138' title='bbox 3928 2060 4289 2124; x_wconf 82' lang='lat' dir='ltr'>authentia</span> 
     </span>
     <span class='ocr_line' id='line_1_18' title="bbox 1478 2139 4292 2226; baseline -0.001 -19"><span class='ocrx_word' id='word_1_139' title='bbox 1478 2141 1822 2226; x_wconf 84' lang='lat' dir='ltr'>evangelii</span> <span class='ocrx_word' id='word_1_140' title='bbox 1864 2143 2084 2202; x_wconf 88' lang='lat' dir='ltr'>nostri</span> <span class='ocrx_word' id='word_1_141' title='bbox 2127 2160 2367 2221; x_wconf 87' lang='lat' dir='ltr'>parum</span> <span class='ocrx_word' id='word_1_142' title='bbox 2413 2159 2492 2201; x_wconf 88' lang='lat' dir='ltr'>eo</span> <span class='ocrx_word' id='word_1_143' title='bbox 2524 2144 3040 2223; x_wconf 82' lang='lat' dir='ltr'>infringeretur.</span> <span class='ocrx_word' id='word_1_144' title='bbox 3126 2140 3279 2202; x_wconf 85' lang='lat' dir='ltr'>Jam</span> <span class='ocrx_word' id='word_1_145' title='bbox 3308 2159 3475 2203; x_wconf 80' lang='lat' dir='ltr'>vero</span> <span class='ocrx_word' id='word_1_146' title='bbox 3502 2143 3895 2202; x_wconf 87' lang='lat' dir='ltr'>testimonia</span> <span class='ocrx_word' id='word_1_147' title='bbox 3924 2139 4009 2202; x_wconf 88' lang='lat' dir='ltr'>de</span> <span class='ocrx_word' id='word_1_148' title='bbox 4051 2139 4292 2204; x_wconf 86' lang='lat' dir='ltr'>eodem</span> 
     </span>
     <span class='ocr_line' id='line_1_19' title="bbox 1466 2217 4292 2306; baseline -0.001 -18"><span class='ocrx_word' id='word_1_149' title='bbox 1466 2241 1681 2306; x_wconf 83' lang='lat' dir='ltr'>aeque</span> <span class='ocrx_word' id='word_1_150' title='bbox 1742 2219 2077 2299; x_wconf 86' lang='lat' dir='ltr'>dilucida,</span> <span class='ocrx_word' id='word_1_151' title='bbox 2121 2221 2287 2300; x_wconf 83' lang='lat' dir='ltr'>quin</span> <span class='ocrx_word' id='word_1_152' title='bbox 2339 2220 2636 2282; x_wconf 89' lang='lat' dir='ltr'>clariora</span> <span class='ocrx_word' id='word_1_153' title='bbox 2666 2229 2827 2281; x_wconf 87' lang='lat' dir='ltr'>sunt</span> <span class='ocrx_word' id='word_1_154' title='bbox 2863 2221 3188 2298; x_wconf 82' lang='lat' dir='ltr'>exhibita,</span> <span class='ocrx_word' id='word_1_155' title='bbox 3215 2241 3414 2302; x_wconf 83' lang='lat' dir='ltr'>quam</span> <span class='ocrx_word' id='word_1_156' title='bbox 3450 2217 3533 2281; x_wconf 91' lang='lat' dir='ltr'>de</span> <span class='ocrx_word' id='word_1_157' title='bbox 3581 2221 3937 2304; x_wconf 81' lang='lat' dir='ltr'>evangelio</span> <span class='ocrx_word' id='word_1_158' title='bbox 3983 2219 4292 2284; x_wconf 86' lang='lat' dir='ltr'>Joannis.</span> 
     </span>
     <span class='ocr_line' id='line_1_20' title="bbox 1472 2298 4293 2416; baseline -0.001 -50"><span class='ocrx_word' id='word_1_159' title='bbox 1472 2305 1574 2370; x_wconf 82' lang='lat' dir='ltr'>Cf.</span> <span class='ocrx_word' id='word_1_160' title='bbox 1609 2302 1905 2362; x_wconf 61' lang='lat' dir='ltr'>Banasa.</span> <span class='ocrx_word' id='word_1_161' title='bbox 1933 2320 1968 2362; x_wconf 92' lang='lat' dir='ltr'>e</span> <span class='ocrx_word' id='word_1_162' title='bbox 2019 2302 2125 2362; x_wconf 86' lang='lat' dir='ltr'>ist.</span> <span class='ocrx_word' id='word_1_163' title='bbox 2150 2298 2215 2416; x_wconf 57' lang='lat'>²2</span> <span class='ocrx_word' id='word_1_164' title='bbox 2261 2319 2316 2360; x_wconf 91' lang='lat' dir='ltr'>c.</span> <span class='ocrx_word' id='word_1_165' title='bbox 2351 2300 2410 2362; x_wconf 70' lang='grc' dir='ltr'><strong>[ι.</strong></span> <span class='ocrx_word' id='word_1_166' title='bbox 2444 2320 2500 2361; x_wconf 92' lang='lat' dir='ltr'>c.</span> <span class='ocrx_word' id='word_1_167' title='bbox 2546 2303 2600 2362; x_wconf 83' lang='lat'>5.</span> <span class='ocrx_word' id='word_1_168' title='bbox 2642 2321 2700 2363; x_wconf 85' lang='lat' dir='ltr'>c.</span> <span class='ocrx_word' id='word_1_169' title='bbox 2727 2302 2789 2366; x_wconf 90' lang='lat'>7.</span> <span class='ocrx_word' id='word_1_170' title='bbox 2832 2321 2888 2363; x_wconf 89' lang='lat' dir='ltr'>c.</span> <span class='ocrx_word' id='word_1_171' title='bbox 2923 2304 3019 2365; x_wconf 84' lang='lat'>19.</span> <span class='ocrx_word' id='word_1_172' title='bbox 3057 2301 3327 2363; x_wconf 85' lang='lat' dir='ltr'>Similia</span> <span class='ocrx_word' id='word_1_173' title='bbox 3356 2309 3734 2362; x_wconf 87' lang='lat' dir='ltr'>occurrunt</span> <span class='ocrx_word' id='word_1_174' title='bbox 3765 2302 4059 2381; x_wconf 83' lang='lat' dir='ltr'>vestigia</span> <span class='ocrx_word' id='word_1_175' title='bbox 4107 2300 4293 2382; x_wconf 89' lang='lat' dir='ltr'>apud</span> 
     </span>
     <span class='ocr_line' id='line_1_21' title="bbox 1471 2320 4293 2463; baseline -0.001 -16"><span class='ocrx_word' id='word_1_176' title='bbox 1471 2384 1925 2447; x_wconf 56' lang='lat' dir='ltr'>crannum».</span> <span class='ocrx_word' id='word_1_177' title='bbox 1972 2320 2162 2445; x_wconf 57' lang='lat' dir='ltr'>Rom.</span> <span class='ocrx_word' id='word_1_178' title='bbox 2218 2384 2270 2454; x_wconf 80' lang='lat'>).</span> <span class='ocrx_word' id='word_1_179' title='bbox 2314 2378 2844 2463; x_wconf 80' lang='lat' dir='ltr'>Polycarpum⁴)</span> <span class='ocrx_word' id='word_1_180' title='bbox 2906 2390 3108 2462; x_wconf 80' lang='lat' dir='ltr'>atque</span> <span class='ocrx_word' id='word_1_181' title='bbox 3147 2381 3530 2449; x_wconf 69' lang='lat' dir='ltr'>leun-mm.</span> <span class='ocrx_word' id='word_1_182' title='bbox 3593 2399 3766 2462; x_wconf 81' lang='lat' dir='ltr'>quae</span> <span class='ocrx_word' id='word_1_183' title='bbox 3808 2399 4009 2458; x_wconf 86' lang='lat' dir='ltr'>vero,</span> <span class='ocrx_word' id='word_1_184' title='bbox 4070 2383 4293 2444; x_wconf 79' lang='lat' dir='ltr'>veluti</span> 
     </span>
     <span class='ocr_line' id='line_1_22' title="bbox 1470 2459 4293 2541; baseline -0.001 -15"><span class='ocrx_word' id='word_1_185' title='bbox 1470 2461 1675 2526; x_wconf 84' lang='lat' dir='ltr'>modo</span> <span class='ocrx_word' id='word_1_186' title='bbox 1713 2460 2023 2536; x_wconf 87' lang='lat' dir='ltr'>laudata,</span> <span class='ocrx_word' id='word_1_187' title='bbox 2066 2462 2363 2520; x_wconf 82' lang='lat' dir='ltr'>maxima</span> <span class='ocrx_word' id='word_1_188' title='bbox 2401 2479 2485 2519; x_wconf 82' lang='lat' dir='ltr'>ex</span> <span class='ocrx_word' id='word_1_189' title='bbox 2517 2471 2710 2541; x_wconf 86' lang='lat' dir='ltr'>parte</span> <span class='ocrx_word' id='word_1_190' title='bbox 2741 2480 2876 2521; x_wconf 91' lang='lat' dir='ltr'>non</span> <span class='ocrx_word' id='word_1_191' title='bbox 2904 2471 3042 2522; x_wconf 80' lang='lat' dir='ltr'>tarn</span> <span class='ocrx_word' id='word_1_192' title='bbox 3074 2470 3264 2522; x_wconf 88' lang='lat' dir='ltr'>certa</span> <span class='ocrx_word' id='word_1_193' title='bbox 3296 2469 3489 2538; x_wconf 87' lang='lat' dir='ltr'>sunt,</span> <span class='ocrx_word' id='word_1_194' title='bbox 3532 2468 3612 2521; x_wconf 90' lang='lat' dir='ltr'>ut</span> <span class='ocrx_word' id='word_1_195' title='bbox 3648 2478 3733 2521; x_wconf 87' lang='lat' dir='ltr'>ne</span> <span class='ocrx_word' id='word_1_196' title='bbox 3767 2477 3850 2520; x_wconf 87' lang='lat' dir='ltr'>ex</span> <span class='ocrx_word' id='word_1_197' title='bbox 3892 2459 4293 2538; x_wconf 86' lang='lat' dir='ltr'>traditione,</span> 
     </span>
     <span class='ocr_line' id='line_1_23' title="bbox 1482 2536 4293 2621; baseline -0.001 -16"><span class='ocrx_word' id='word_1_198' title='bbox 1482 2562 1604 2605; x_wconf 90' lang='lat' dir='ltr'>ore</span> <span class='ocrx_word' id='word_1_199' title='bbox 1644 2543 1860 2617; x_wconf 83' lang='lat' dir='ltr'>facta,</span> <span class='ocrx_word' id='word_1_200' title='bbox 1903 2557 2313 2619; x_wconf 87' lang='lat' dir='ltr'>promanare</span> <span class='ocrx_word' id='word_1_201' title='bbox 2394 2544 2719 2601; x_wconf 88' lang='lat' dir='ltr'>otuerint.</span> <span class='ocrx_word' id='word_1_202' title='bbox 2767 2539 2870 2603; x_wconf 83' lang='lat' dir='ltr'>Cf.</span> <span class='ocrx_word' id='word_1_203' title='bbox 2905 2540 3229 2603; x_wconf 88' lang='lat' dir='ltr'>Clement.</span> <span class='ocrx_word' id='word_1_204' title='bbox 3262 2540 3451 2601; x_wconf 85' lang='lat' dir='ltr'>Rom.</span> <span class='ocrx_word' id='word_1_205' title='bbox 3493 2541 3688 2621; x_wconf 88' lang='lat' dir='ltr'>epist.</span> <span class='ocrx_word' id='word_1_206' title='bbox 3716 2538 3767 2599; x_wconf 89' lang='lat'>1.</span> <span class='ocrx_word' id='word_1_207' title='bbox 3808 2536 3894 2599; x_wconf 86' lang='lat' dir='ltr'>ad</span> <span class='ocrx_word' id='word_1_208' title='bbox 3922 2537 4084 2602; x_wconf 91' lang='lat' dir='ltr'>Cor.</span> <span class='ocrx_word' id='word_1_209' title='bbox 4132 2560 4191 2606; x_wconf 87' lang='lat' dir='ltr'>e.</span> <span class='ocrx_word' id='word_1_210' title='bbox 4216 2544 4293 2612; x_wconf 83' lang='grc'>13</span> 
     </span>
     <span class='ocr_line' id='line_1_24' title="bbox 1476 2616 4296 2704; baseline -0.002 -18"><span class='ocrx_word' id='word_1_211' title='bbox 1476 2644 1536 2691; x_wconf 89' lang='lat' dir='ltr'>c.</span> <span class='ocrx_word' id='word_1_212' title='bbox 1580 2622 1677 2686; x_wconf 71' lang='lat' dir='ltr'>Clo.</span> <span class='ocrx_word' id='word_1_213' title='bbox 1730 2619 1849 2680; x_wconf 84' lang='lat' dir='ltr'>Pol</span> <span class='ocrx_word' id='word_1_214' title='bbox 1903 2636 2087 2699; x_wconf 85' lang='lat' dir='ltr'>carp.</span> <span class='ocrx_word' id='word_1_215' title='bbox 2134 2637 2237 2701; x_wconf 86' lang='lat' dir='ltr'>ep.</span> <span class='ocrx_word' id='word_1_216' title='bbox 2279 2636 2317 2678; x_wconf 90' lang='lat' dir='ltr'>a</span> <span class='ocrx_word' id='word_1_217' title='bbox 2405 2619 2690 2700; x_wconf 81' lang='lat' dir='ltr'>Philipp.</span> <span class='ocrx_word' id='word_1_218' title='bbox 2739 2640 2796 2683; x_wconf 92' lang='lat' dir='ltr'>c.</span> <span class='ocrx_word' id='word_1_219' title='bbox 2839 2622 2902 2680; x_wconf 82' lang='lat'>2.</span> <span class='ocrx_word' id='word_1_220' title='bbox 2943 2640 2999 2681; x_wconf 91' lang='lat' dir='ltr'>c.</span> <span class='ocrx_word' id='word_1_221' title='bbox 3043 2623 3105 2687; x_wconf 91' lang='lat'>7.</span> <span class='ocrx_word' id='word_1_222' title='bbox 3204 2618 3422 2704; x_wconf 82' lang='lat' dir='ltr'>lgnat.</span> <span class='ocrx_word' id='word_1_223' title='bbox 3491 2638 3590 2699; x_wconf 88' lang='lat' dir='ltr'>ep.</span> <span class='ocrx_word' id='word_1_224' title='bbox 3642 2616 3729 2679; x_wconf 90' lang='lat' dir='ltr'>ad</span> <span class='ocrx_word' id='word_1_225' title='bbox 3801 2616 4068 2698; x_wconf 79' lang='lat' dir='ltr'>Smyrn.</span> <span class='ocrx_word' id='word_1_226' title='bbox 4122 2638 4180 2681; x_wconf 91' lang='lat' dir='ltr'>c.</span> <span class='ocrx_word' id='word_1_227' title='bbox 4238 2624 4296 2689; x_wconf 80' lang='lat'>1.</span> 
     </span>
     <span class='ocr_line' id='line_1_25' title="bbox 1480 2697 4298 2781; baseline -0.001 -16"><span class='ocrx_word' id='word_1_228' title='bbox 1480 2723 1539 2766; x_wconf 91' lang='lat' dir='ltr'>c.</span> <span class='ocrx_word' id='word_1_229' title='bbox 1580 2704 1641 2764; x_wconf 82' lang='grc' dir='ltr'>ὁ.</span> <span class='ocrx_word' id='word_1_230' title='bbox 1701 2698 1784 2759; x_wconf 90' lang='lat' dir='ltr'>ad</span> <span class='ocrx_word' id='word_1_231' title='bbox 1885 2698 2177 2779; x_wconf 74' lang='lat' dir='ltr'>olycarp.</span> <span class='ocrx_word' id='word_1_232' title='bbox 2221 2716 2275 2760; x_wconf 88' lang='lat' dir='ltr'>c.</span> <span class='ocrx_word' id='word_1_233' title='bbox 2317 2702 2377 2759; x_wconf 81' lang='lat'>2.</span> <span class='ocrx_word' id='word_1_234' title='bbox 2422 2700 2506 2759; x_wconf 89' lang='lat' dir='ltr'>ad</span> <span class='ocrx_word' id='word_1_235' title='bbox 2559 2700 2798 2780; x_wconf 57' lang='lat' dir='ltr'>liphes.</span> <span class='ocrx_word' id='word_1_236' title='bbox 2841 2719 2898 2760; x_wconf 91' lang='lat' dir='ltr'>c.</span> <span class='ocrx_word' id='word_1_237' title='bbox 2945 2702 3040 2765; x_wconf 85' lang='lat'>19.</span> <span class='ocrx_word' id='word_1_238' title='bbox 3126 2697 3394 2760; x_wconf 87' lang='lat' dir='ltr'>Interea</span> <span class='ocrx_word' id='word_1_239' title='bbox 3435 2701 3494 2759; x_wconf 90' lang='lat' dir='ltr'>si</span> <span class='ocrx_word' id='word_1_240' title='bbox 3541 2700 3655 2760; x_wconf 92' lang='lat' dir='ltr'>cui</span> <span class='ocrx_word' id='word_1_241' title='bbox 3697 2715 4000 2760; x_wconf 84' lang='lat' dir='ltr'>asserere</span> <span class='ocrx_word' id='word_1_242' title='bbox 4033 2698 4298 2781; x_wconf 87' lang='lat' dir='ltr'>placue-</span> 
     </span>
     <span class='ocr_line' id='line_1_26' title="bbox 1482 2778 4297 2862; baseline -0 -17"><span class='ocrx_word' id='word_1_243' title='bbox 1482 2787 1616 2847; x_wconf 88' lang='lat' dir='ltr'>rit.</span> <span class='ocrx_word' id='word_1_244' title='bbox 1679 2781 1987 2842; x_wconf 89' lang='lat' dir='ltr'>locorum</span> <span class='ocrx_word' id='word_1_245' title='bbox 2033 2780 2400 2839; x_wconf 89' lang='lat' dir='ltr'>citatorum</span> <span class='ocrx_word' id='word_1_246' title='bbox 2446 2799 2482 2841; x_wconf 91' lang='lat' dir='ltr'>e</span> <span class='ocrx_word' id='word_1_247' title='bbox 2526 2778 2777 2843; x_wconf 86' lang='lat' dir='ltr'>Matth.</span> <span class='ocrx_word' id='word_1_248' title='bbox 2821 2780 3175 2862; x_wconf 83' lang='lat' dir='ltr'>evangelio</span> <span class='ocrx_word' id='word_1_249' title='bbox 3232 2787 3604 2840; x_wconf 87' lang='lat' dir='ltr'>assumtum</span> <span class='ocrx_word' id='word_1_250' title='bbox 3655 2796 3802 2838; x_wconf 87' lang='lat' dir='ltr'>esse</span> <span class='ocrx_word' id='word_1_251' title='bbox 3845 2778 4129 2858; x_wconf 89' lang='lat' dir='ltr'>nullum,</span> <span class='ocrx_word' id='word_1_252' title='bbox 4173 2800 4297 2844; x_wconf 82' lang='lat' dir='ltr'>nec</span> 
     </span>
     <span class='ocr_line' id='line_1_27' title="bbox 1480 2858 4300 2954; baseline -0 -30"><span class='ocrx_word' id='word_1_253' title='bbox 1480 2863 1720 2924; x_wconf 87' lang='lat' dir='ltr'>Patres</span> <span class='ocrx_word' id='word_1_254' title='bbox 1763 2868 1975 2939; x_wconf 85' lang='lat' dir='ltr'>apost.</span> <span class='ocrx_word' id='word_1_255' title='bbox 2023 2876 2124 2919; x_wconf 87' lang='lat' dir='ltr'>ev.</span> <span class='ocrx_word' id='word_1_256' title='bbox 2176 2868 2484 2919; x_wconf 89' lang='lat' dir='ltr'>nostrum</span> <span class='ocrx_word' id='word_1_257' title='bbox 2527 2878 2923 2940; x_wconf 85' lang='lat' dir='ltr'>usurpasse,</span> <span class='ocrx_word' id='word_1_258' title='bbox 2996 2869 3182 2920; x_wconf 90' lang='lat' dir='ltr'>certe</span> <span class='ocrx_word' id='word_1_259' title='bbox 3241 2858 3373 2919; x_wconf 88' lang='lat' dir='ltr'>hoc</span> <span class='ocrx_word' id='word_1_260' title='bbox 3435 2878 3573 2918; x_wconf 90' lang='lat' dir='ltr'>non</span> <span class='ocrx_word' id='word_1_261' title='bbox 3629 2859 3812 2919; x_wconf 83' lang='lat' dir='ltr'>foret</span> <span class='ocrx_word' id='word_1_262' title='bbox 3870 2870 4300 2954; x_wconf 74' lang='lat' dir='ltr'>argumento,</span> 
     </span>
     <span class='ocr_line' id='line_1_28' title="bbox 1488 2937 4297 3020; baseline -0.001 -16"><span class='ocrx_word' id='word_1_263' title='bbox 1488 2940 1740 3004; x_wconf 85' lang='lat' dir='ltr'>Matth.</span> <span class='ocrx_word' id='word_1_264' title='bbox 1789 2937 2216 3020; x_wconf 82' lang='lat' dir='ltr'>evangelium</span> <span class='ocrx_word' id='word_1_265' title='bbox 2259 2948 2423 2999; x_wconf 89' lang='lat' dir='ltr'>tunc</span> <span class='ocrx_word' id='word_1_266' title='bbox 2467 2941 2794 3020; x_wconf 88' lang='lat' dir='ltr'>temporis</span> <span class='ocrx_word' id='word_1_267' title='bbox 2838 2937 3138 3001; x_wconf 85' lang='lat' dir='ltr'>nondum</span> <span class='ocrx_word' id='word_1_268' title='bbox 3180 2940 3562 3013; x_wconf 80' lang='lat' dir='ltr'>exstitisse3</span> <span class='ocrx_word' id='word_1_269' title='bbox 3637 2937 3795 2997; x_wconf 89' lang='lat' dir='ltr'>talis</span> <span class='ocrx_word' id='word_1_270' title='bbox 3855 2955 4037 2998; x_wconf 80' lang='lat' dir='ltr'>enim</span> <span class='ocrx_word' id='word_1_271' title='bbox 4105 2941 4297 3002; x_wconf 87' lang='lat' dir='ltr'>colli-</span> 
     </span>
     <span class='ocr_line' id='line_1_29' title="bbox 1484 3014 4301 3107; baseline -0 -24"><span class='ocrx_word' id='word_1_272' title='bbox 1484 3020 1687 3107; x_wconf 81' lang='lat' dir='ltr'>gendi</span> <span class='ocrx_word' id='word_1_273' title='bbox 1730 3019 1914 3080; x_wconf 86' lang='lat' dir='ltr'>ratio</span> <span class='ocrx_word' id='word_1_274' title='bbox 1959 3037 1998 3078; x_wconf 93' lang='lat' dir='ltr'>a</span> <span class='ocrx_word' id='word_1_275' title='bbox 2035 3028 2418 3097; x_wconf 87' lang='lat' dir='ltr'>temporum</span> <span class='ocrx_word' id='word_1_276' title='bbox 2462 3019 2744 3079; x_wconf 84' lang='lat' dir='ltr'>illorum</span> <span class='ocrx_word' id='word_1_277' title='bbox 2797 3021 3421 3080; x_wconf 75' lang='lat' dir='ltr'>vetustissimorum</span> <span class='ocrx_word' id='word_1_278' title='bbox 3465 3014 3860 3078; x_wconf 90' lang='lat' dir='ltr'>conditione</span> <span class='ocrx_word' id='word_1_279' title='bbox 3916 3034 3996 3077; x_wconf 89' lang='lat' dir='ltr'>ac</span> <span class='ocrx_word' id='word_1_280' title='bbox 4053 3028 4301 3082; x_wconf 87' lang='lat' dir='ltr'>natura</span> 
     </span>
     <span class='ocr_line' id='line_1_30' title="bbox 1487 3096 4301 3176; baseline 0.001 -16"><span class='ocrx_word' id='word_1_281' title='bbox 1487 3105 1762 3162; x_wconf 86' lang='lat' dir='ltr'>omnino</span> <span class='ocrx_word' id='word_1_282' title='bbox 1809 3097 2134 3158; x_wconf 89' lang='lat' dir='ltr'>abhorret</span> <span class='ocrx_word' id='word_1_283' title='bbox 2157 3097 2236 3176; x_wconf 85' lang='lat'>⁵).</span> <span class='ocrx_word' id='word_1_284' title='bbox 2282 3129 2365 3141; x_wconf 96' lang='lat'><strong>—</strong></span> <span class='ocrx_word' id='word_1_285' title='bbox 2463 3098 2814 3158; x_wconf 86' lang='lat' dir='ltr'>Justinum</span> <span class='ocrx_word' id='word_1_286' title='bbox 2879 3096 2980 3158; x_wconf 88' lang='lat' dir='ltr'>M.</span> <span class='ocrx_word' id='word_1_287' title='bbox 3025 3115 3190 3157; x_wconf 79' lang='lat' dir='ltr'>vero</span> <span class='ocrx_word' id='word_1_288' title='bbox 3236 3113 3385 3157; x_wconf 84' lang='lat' dir='ltr'>evv.</span> <span class='ocrx_word' id='word_1_289' title='bbox 3434 3096 3780 3156; x_wconf 89' lang='lat' dir='ltr'>canonicis</span> <span class='ocrx_word' id='word_1_290' title='bbox 3824 3096 4038 3157; x_wconf 83' lang='lat' dir='ltr'>fuisse</span> <span class='ocrx_word' id='word_1_291' title='bbox 4078 3118 4301 3175; x_wconf 86' lang='lat' dir='ltr'>usum,</span> 
     </span>
     <span class='ocr_line' id='line_1_31' title="bbox 1486 3172 4078 3263; baseline -0 -21"><span class='ocrx_word' id='word_1_292' title='bbox 1486 3186 1857 3263; x_wconf 88' lang='lat' dir='ltr'>praeeunte</span> <span class='ocrx_word' id='word_1_293' title='bbox 1904 3176 2073 3241; x_wconf 89' lang='lat' dir='ltr'>Dan.</span> <span class='ocrx_word' id='word_1_294' title='bbox 2116 3175 2225 3235; x_wconf 82' lang='lat' dir='ltr'>Fr.</span> <span class='ocrx_word' id='word_1_295' title='bbox 2271 3173 2646 3254; x_wconf 82' lang='lat' dir='ltr'>Schiitzio,</span> <span class='ocrx_word' id='word_1_296' title='bbox 2723 3175 3105 3239; x_wconf 87' lang='lat' dir='ltr'>luculenter</span> <span class='ocrx_word' id='word_1_297' title='bbox 3144 3175 3470 3258; x_wconf 86' lang='lat' dir='ltr'>probavit</span> <span class='ocrx_word' id='word_1_298' title='bbox 3507 3174 3850 3239; x_wconf 86' lang='lat' dir='ltr'>Winerus</span> <span class='ocrx_word' id='word_1_299' title='bbox 3893 3172 4078 3260; x_wconf 80' lang='lat' dir='ltr'>Cl.⁶)</span> 
     </span>
    </p>
   </div>
   <div class='ocr_carea' id='block_1_4' title="bbox 2795 3400 2999 3485">
    <p class='ocr_par' dir='ltr' id='par_1_5' title="bbox 2795 3400 2999 3485">
     <span class='ocr_line' id='line_1_32' title="bbox 2795 3400 2999 3485; baseline -0.01 -18"><span class='ocrx_word' id='word_1_300' title='bbox 2795 3400 2854 3485; x_wconf 84' lang='lat'>§·</span> <span class='ocrx_word' id='word_1_301' title='bbox 2939 3403 2999 3466; x_wconf 85' lang='lat'>3.</span> 
     </span>
    </p>
   </div>
   <div class='ocr_carea' id='block_1_5' title="bbox 1454 3534 4312 3863">
    <p class='ocr_par' dir='ltr' id='par_1_6' title="bbox 1454 3534 4312 3863">
     <span class='ocr_line' id='line_1_33' title="bbox 1646 3534 4309 3620; baseline 0.003 -18"><span class='ocrx_word' id='word_1_302' title='bbox 1646 3537 2237 3607; x_wconf 82' lang='lat' dir='ltr'>Testimoniorum</span> <span class='ocrx_word' id='word_1_303' title='bbox 2279 3534 2733 3617; x_wconf 86' lang='lat' dir='ltr'>disertorum,</span> <span class='ocrx_word' id='word_1_304' title='bbox 2791 3547 2873 3602; x_wconf 87' lang='lat' dir='ltr'>ut</span> <span class='ocrx_word' id='word_1_305' title='bbox 2911 3538 2999 3602; x_wconf 84' lang='lat' dir='ltr'>ad</span> <span class='ocrx_word' id='word_1_306' title='bbox 3038 3540 3207 3603; x_wconf 87' lang='lat' dir='ltr'>haec</span> <span class='ocrx_word' id='word_1_307' title='bbox 3258 3548 3723 3620; x_wconf 76' lang='lat' dir='ltr'>transeamus,</span> <span class='ocrx_word' id='word_1_308' title='bbox 3764 3547 3923 3604; x_wconf 89' lang='lat' dir='ltr'>ante</span> <span class='ocrx_word' id='word_1_309' title='bbox 3962 3545 4309 3611; x_wconf 80' lang='lat' dir='ltr'>saeculum</span> 
     </span>
     <span class='ocr_line' id='line_1_34' title="bbox 1454 3613 4308 3708; baseline -0.001 -18"><span class='ocrx_word' id='word_1_310' title='bbox 1454 3620 1895 3696; x_wconf 81' lang='lat' dir='ltr'>·secundurn‚</span> <span class='ocrx_word' id='word_1_311' title='bbox 1954 3614 2114 3678; x_wconf 90' lang='lat' dir='ltr'>dum</span> <span class='ocrx_word' id='word_1_312' title='bbox 2158 3613 2395 3679; x_wconf 89' lang='lat' dir='ltr'>Canon</span> <span class='ocrx_word' id='word_1_313' title='bbox 2436 3617 2531 3680; x_wconf 95' lang='lat' dir='ltr'>N.</span> <span class='ocrx_word' id='word_1_314' title='bbox 2592 3618 2675 3682; x_wconf 91' lang='lat' dir='ltr'>T.</span> <span class='ocrx_word' id='word_1_315' title='bbox 2731 3621 2863 3700; x_wconf 91' lang='lat' dir='ltr'>jam</span> <span class='ocrx_word' id='word_1_316' title='bbox 2905 3623 3361 3697; x_wconf 80' lang='lat' dir='ltr'>formaretur,</span> <span class='ocrx_word' id='word_1_317' title='bbox 3407 3631 3675 3684; x_wconf 78' lang='lat' dir='ltr'>exstant</span> <span class='ocrx_word' id='word_1_318' title='bbox 3717 3621 3903 3683; x_wconf 85' lang='lat' dir='ltr'>nulla</span> <span class='ocrx_word' id='word_1_319' title='bbox 3933 3620 4021 3697; x_wconf 78' lang='lat'>¹).</span> <span class='ocrx_word' id='word_1_320' title='bbox 4105 3626 4308 3708; x_wconf 70' lang='lat' dir='ltr'>Quod</span> 
     </span>
     <span class='ocr_line' id='line_1_35' title="bbox 1491 3698 4308 3784; baseline 0.001 -18"><span class='ocrx_word' id='word_1_321' title='bbox 1491 3722 1655 3770; x_wconf 78' lang='lat' dir='ltr'>vero</span> <span class='ocrx_word' id='word_1_322' title='bbox 1715 3698 1802 3762; x_wconf 89' lang='lat' dir='ltr'>ad</span> <span class='ocrx_word' id='word_1_323' title='bbox 1869 3699 2260 3759; x_wconf 86' lang='lat' dir='ltr'>universam</span> <span class='ocrx_word' id='word_1_324' title='bbox 2333 3700 2590 3760; x_wconf 78' lang='lat' dir='ltr'>veteris</span> <span class='ocrx_word' id='word_1_325' title='bbox 2679 3700 3006 3762; x_wconf 88' lang='lat' dir='ltr'>ecclesiae</span> <span class='ocrx_word' id='word_1_326' title='bbox 3084 3699 3526 3762; x_wconf 86' lang='lat' dir='ltr'>traditionem</span> <span class='ocrx_word' id='word_1_327' title='bbox 3595 3704 3875 3780; x_wconf 84' lang='lat' dir='ltr'>attinet,</span> <span class='ocrx_word' id='word_1_328' title='bbox 3974 3715 4308 3784; x_wconf 81' lang='lat' dir='ltr'>quatenus</span> 
     </span>
     <span class='ocr_line' id='line_1_36' title="bbox 1487 3776 4312 3863; baseline 0 -12"><span class='ocrx_word' id='word_1_329' title='bbox 1487 3805 1636 3851; x_wconf 85' lang='lat' dir='ltr'>eam</span> <span class='ocrx_word' id='word_1_330' title='bbox 1694 3777 2019 3859; x_wconf 77' lang='lat' dir='ltr'>subsequi</span> <span class='ocrx_word' id='word_1_331' title='bbox 2079 3776 2277 3855; x_wconf 88' lang='lat' dir='ltr'>licet,</span> <span class='ocrx_word' id='word_1_332' title='bbox 2345 3796 2484 3838; x_wconf 88' lang='lat' dir='ltr'>uno</span> <span class='ocrx_word' id='word_1_333' title='bbox 2541 3797 2774 3842; x_wconf 88' lang='lat' dir='ltr'>omnes</span> <span class='ocrx_word' id='word_1_334' title='bbox 2840 3799 2961 3841; x_wconf 84' lang='lat' dir='ltr'>ore</span> <span class='ocrx_word' id='word_1_335' title='bbox 3018 3779 3397 3858; x_wconf 83' lang='lat' dir='ltr'>affirmant,</span> <span class='ocrx_word' id='word_1_336' title='bbox 3473 3782 3883 3846; x_wconf 75' lang='lat' dir='ltr'>Matthaeum</span> <span class='ocrx_word' id='word_1_337' title='bbox 3946 3786 4312 3863; x_wconf 76' lang='lat' dir='ltr'>apostolum</span> 
     </span>
    </p>
   </div>
   <div class='ocr_carea' id='block_1_6' title="bbox 1488 3858 4098 3946">
    <p class='ocr_par' dir='ltr' id='par_1_7' title="bbox 1488 3858 4098 3946">
     <span class='ocr_line' id='line_1_37' title="bbox 1488 3858 4098 3946; baseline -0.003 -14"><span class='ocrx_word' id='word_1_338' title='bbox 1488 3862 1891 3946; x_wconf 77' lang='lat' dir='ltr'>evangelium</span> <span class='ocrx_word' id='word_1_339' title='bbox 1931 3859 2276 3934; x_wconf 77' lang='lat' dir='ltr'>scripsisse</span> <span class='ocrx_word' id='word_1_340' title='bbox 2300 3901 2324 3930; x_wconf 90' lang='lat'>‚</span> <span class='ocrx_word' id='word_1_341' title='bbox 2399 3858 2788 3942; x_wconf 73' lang='lat' dir='ltr'>eundemque</span> <span class='ocrx_word' id='word_1_342' title='bbox 2824 3860 3267 3925; x_wconf 65' lang='lat' dir='ltr'>Matthaei-mi</span> <span class='ocrx_word' id='word_1_343' title='bbox 3303 3865 3517 3926; x_wconf 75' lang='lat' dir='ltr'>nostri</span> <span class='ocrx_word' id='word_1_344' title='bbox 3556 3879 3696 3926; x_wconf 82' lang='lat' dir='ltr'>esse</span> <span class='ocrx_word' id='word_1_345' title='bbox 3752 3868 4098 3927; x_wconf 82' lang='lat' dir='ltr'>auctorem.</span> 
     </span>
    </p>
   </div>
   <div class='ocr_carea' id='block_1_7' title="bbox 1504 4020 2340 4051">
    <p class='ocr_par' dir='ltr' id='par_1_8' title="bbox 1504 4020 2340 4051">
     <span class='ocr_line' id='line_1_38' title="bbox 1504 4020 2340 4051; baseline 0 -17"><span class='ocrx_word' id='word_1_346' title='bbox 1504 4020 2340 4051; x_wconf 43' lang='grc' dir='ltr'>’,μ-...-</span> 
     </span>
    </p>
   </div>
   <div class='ocr_carea' id='block_1_8' title="bbox 1566 4076 4316 4432">
    <p class='ocr_par' dir='ltr' id='par_1_9' title="bbox 1566 4076 4316 4432">
     <span class='ocr_line' id='line_1_39' title="bbox 1566 4076 4315 4156; baseline -0.006 -16"><span class='ocrx_word' id='word_1_347' title='bbox 1566 4092 1623 4155; x_wconf 84' lang='grc'>1)</span> <span class='ocrx_word' id='word_1_348' title='bbox 1708 4092 1748 4140; x_wconf 86' lang='lat' dir='ltr'>l.</span> <span class='ocrx_word' id='word_1_349' title='bbox 1790 4090 1828 4140; x_wconf 85' lang='lat' dir='ltr'>l.</span> <span class='ocrx_word' id='word_1_350' title='bbox 1867 4104 1922 4154; x_wconf 87' lang='lat' dir='ltr'>p.</span> <span class='ocrx_word' id='word_1_351' title='bbox 1944 4081 2053 4140; x_wconf 69' lang='lat'>⁴07</span> <span class='ocrx_word' id='word_1_352' title='bbox 2091 4100 2205 4150; x_wconf 75' lang='lat' dir='ltr'>sqq.</span> <span class='ocrx_word' id='word_1_353' title='bbox 2246 4083 2316 4134; x_wconf 81' lang='lat' dir='ltr'>cs.</span> <span class='ocrx_word' id='word_1_354' title='bbox 2356 4092 2622 4151; x_wconf 76' lang='lat' dir='ltr'>praeterea</span> <span class='ocrx_word' id='word_1_355' title='bbox 2653 4095 2784 4148; x_wconf 76' lang='lat' dir='ltr'>qnos</span> <span class='ocrx_word' id='word_1_356' title='bbox 2812 4077 3048 4133; x_wconf 75' lang='lat' dir='ltr'>laudavit</span> <span class='ocrx_word' id='word_1_357' title='bbox 3075 4076 3324 4134; x_wconf 74' lang='lat' dir='ltr'>Schotttn</span> <span class='ocrx_word' id='word_1_358' title='bbox 3351 4080 3391 4133; x_wconf 86' lang='lat'>1.</span> <span class='ocrx_word' id='word_1_359' title='bbox 3425 4080 3465 4142; x_wconf 75' lang='lat'>1,</span> <span class='ocrx_word' id='word_1_360' title='bbox 3500 4100 3560 4150; x_wconf 66' lang='lat' dir='ltr'>p,</span> <span class='ocrx_word' id='word_1_361' title='bbox 3592 4083 3667 4138; x_wconf 77' lang='lat'>25</span> <span class='ocrx_word' id='word_1_362' title='bbox 3713 4095 3828 4146; x_wconf 81' lang='lat' dir='ltr'>not,</span> <span class='ocrx_word' id='word_1_363' title='bbox 3871 4088 3927 4142; x_wconf 73' lang='lat'>3,</span> <span class='ocrx_word' id='word_1_364' title='bbox 3964 4114 4036 4129; x_wconf 74' lang='grc'><strong>-</strong></span> <span class='ocrx_word' id='word_1_365' title='bbox 4084 4092 4148 4156; x_wconf 68' lang='grc'>2)</span> <span class='ocrx_word' id='word_1_366' title='bbox 4201 4093 4315 4146; x_wconf 62' lang='lat' dir='ltr'>Lo„</span> 
     </span>
     <span class='ocr_line' id='line_1_40' title="bbox 1708 4152 4313 4232; baseline 0.002 -24"><span class='ocrx_word' id='word_1_367' title='bbox 1708 4174 1797 4209; x_wconf 84' lang='lat' dir='ltr'>eus</span> <span class='ocrx_word' id='word_1_368' title='bbox 1845 4158 2038 4206; x_wconf 79' lang='lat' dir='ltr'>saltem</span> <span class='ocrx_word' id='word_1_369' title='bbox 2086 4170 2134 4209; x_wconf 85' lang='lat' dir='ltr'>c.</span> <span class='ocrx_word' id='word_1_370' title='bbox 2176 4155 2233 4206; x_wconf 87' lang='grc'><strong>4.</strong></span> <span class='ocrx_word' id='word_1_371' title='bbox 2273 4169 2338 4204; x_wconf 83' lang='lat' dir='ltr'>ex</span> <span class='ocrx_word' id='word_1_372' title='bbox 2375 4152 2621 4203; x_wconf 77' lang='lat' dir='ltr'>Matthaei</span> <span class='ocrx_word' id='word_1_373' title='bbox 2667 4153 2935 4216; x_wconf 78' lang='lat' dir='ltr'>evangelio</span> <span class='ocrx_word' id='word_1_374' title='bbox 2974 4153 3244 4201; x_wconf 71' lang='lat' dir='ltr'>arcessitus</span> <span class='ocrx_word' id='word_1_375' title='bbox 3286 4169 3396 4206; x_wconf 83' lang='lat' dir='ltr'>esse</span> <span class='ocrx_word' id='word_1_376' title='bbox 3441 4152 3666 4207; x_wconf 73' lang='lat' dir='ltr'>videtur.</span> <span class='ocrx_word' id='word_1_377' title='bbox 3730 4154 3857 4215; x_wconf 79' lang='lat' dir='ltr'>vid.</span> <span class='ocrx_word' id='word_1_378' title='bbox 3893 4156 4080 4211; x_wconf 72' lang='lat' dir='ltr'>Schott</span> <span class='ocrx_word' id='word_1_379' title='bbox 4113 4164 4154 4217; x_wconf 87' lang='lat' dir='ltr'>l.</span> <span class='ocrx_word' id='word_1_380' title='bbox 4193 4164 4231 4214; x_wconf 89' lang='lat' dir='ltr'>l.</span> <span class='ocrx_word' id='word_1_381' title='bbox 4259 4183 4313 4232; x_wconf 76' lang='lat' dir='ltr'>p.</span> 
     </span>
     <span class='ocr_line' id='line_1_41' title="bbox 1705 4219 4316 4298; baseline 0.001 -22"><span class='ocrx_word' id='word_1_382' title='bbox 1705 4229 1779 4282; x_wconf 87' lang='grc'>27</span> <span class='ocrx_word' id='word_1_383' title='bbox 1812 4237 1926 4280; x_wconf 85' lang='lat' dir='ltr'>not.</span> <span class='ocrx_word' id='word_1_384' title='bbox 1966 4224 2021 4285; x_wconf 82' lang='lat'>3.</span> <span class='ocrx_word' id='word_1_385' title='bbox 2047 4250 2118 4262; x_wconf 90' lang='lat'>—</span> <span class='ocrx_word' id='word_1_386' title='bbox 2159 4221 2225 4285; x_wconf 78' lang='lat'>3)</span> <span class='ocrx_word' id='word_1_387' title='bbox 2296 4222 2421 4280; x_wconf 81' lang='lat' dir='ltr'>vid,</span> <span class='ocrx_word' id='word_1_388' title='bbox 2454 4223 2603 4273; x_wconf 79' lang='lat' dir='ltr'>Pauli</span> <span class='ocrx_word' id='word_1_389' title='bbox 2645 4221 2895 4274; x_wconf 81' lang='lat' dir='ltr'>Conserv.</span> <span class='ocrx_word' id='word_1_390' title='bbox 2937 4219 2981 4271; x_wconf 92' lang='lat' dir='ltr'>I.</span> <span class='ocrx_word' id='word_1_391' title='bbox 3019 4238 3078 4288; x_wconf 81' lang='lat' dir='ltr'>p.</span> <span class='ocrx_word' id='word_1_392' title='bbox 3127 4220 3338 4283; x_wconf 81' lang='lat'><strong>160.·-</strong></span> <span class='ocrx_word' id='word_1_393' title='bbox 3362 4224 3426 4288; x_wconf 81' lang='grc'>4)</span> <span class='ocrx_word' id='word_1_394' title='bbox 3482 4222 3612 4278; x_wconf 78' lang='lat' dir='ltr'>vid.</span> <span class='ocrx_word' id='word_1_395' title='bbox 3652 4222 3947 4276; x_wconf 82' lang='lat' dir='ltr'>Olshausen</span> <span class='ocrx_word' id='word_1_396' title='bbox 3989 4228 4102 4286; x_wconf 85' lang='lat'>1.1.</span> <span class='ocrx_word' id='word_1_397' title='bbox 4127 4248 4185 4298; x_wconf 72' lang='lat' dir='ltr'>p,</span> <span class='ocrx_word' id='word_1_398' title='bbox 4222 4237 4316 4292; x_wconf 80' lang='lat'>93.</span> 
     </span>
     <span class='ocr_line' id='line_1_42' title="bbox 1707 4288 4316 4370; baseline -0.004 -15"><span class='ocrx_word' id='word_1_399' title='bbox 1707 4298 1837 4355; x_wconf 82' lang='lat'>221.</span> <span class='ocrx_word' id='word_1_400' title='bbox 1870 4295 1979 4353; x_wconf 80' lang='lat'>397</span> <span class='ocrx_word' id='word_1_401' title='bbox 2001 4319 2077 4334; x_wconf 89' lang='lat'>-</span> <span class='ocrx_word' id='word_1_402' title='bbox 2100 4296 2228 4348; x_wconf 76' lang='lat'>4⁰0.</span> <span class='ocrx_word' id='word_1_403' title='bbox 2251 4319 2325 4332; x_wconf 89' lang='grc'>--</span> <span class='ocrx_word' id='word_1_404' title='bbox 2351 4292 2414 4359; x_wconf 82' lang='grc'>5)</span> <span class='ocrx_word' id='word_1_405' title='bbox 2466 4293 2591 4345; x_wconf 81' lang='lat' dir='ltr'>vid.</span> <span class='ocrx_word' id='word_1_406' title='bbox 2627 4292 2853 4344; x_wconf 79' lang='lat' dir='ltr'>Hemsen</span> <span class='ocrx_word' id='word_1_407' title='bbox 2889 4288 3173 4345; x_wconf 72' lang='lat' dir='ltr'>Anthemio</span> <span class='ocrx_word' id='word_1_408' title='bbox 3212 4295 3309 4349; x_wconf 68' lang='lat' dir='ltr'>dar</span> <span class='ocrx_word' id='word_1_409' title='bbox 3332 4294 3441 4359; x_wconf 74' lang='lat' dir='ltr'>iob.</span> <span class='ocrx_word' id='word_1_410' title='bbox 3482 4292 3747 4346; x_wconf 77' lang='lat' dir='ltr'>Schriften</span> <span class='ocrx_word' id='word_1_411' title='bbox 3802 4312 3863 4362; x_wconf 79' lang='lat' dir='ltr'>p,</span> <span class='ocrx_word' id='word_1_412' title='bbox 3909 4292 4054 4348; x_wconf 85' lang='grc'><strong>7.-</strong></span> <span class='ocrx_word' id='word_1_413' title='bbox 4084 4297 4146 4370; x_wconf 78' lang='grc'>6)</span> <span class='ocrx_word' id='word_1_414' title='bbox 4191 4304 4316 4365; x_wconf 60' lang='grc' dir='ltr'>νεα,</span> 
     </span>
     <span class='ocr_line' id='line_1_43' title="bbox 1708 4362 2938 4432; baseline 0 -14"><span class='ocrx_word' id='word_1_415' title='bbox 1708 4369 1863 4420; x_wconf 80' lang='lat' dir='ltr'>notit.</span> <span class='ocrx_word' id='word_1_416' title='bbox 1882 4367 2022 4422; x_wconf 82' lang='lat' dir='ltr'>liter.</span> <span class='ocrx_word' id='word_1_417' title='bbox 2065 4381 2150 4432; x_wconf 77' lang='lat' dir='ltr'>sp.</span> <span class='ocrx_word' id='word_1_418' title='bbox 2192 4362 2259 4415; x_wconf 76' lang='lat' dir='ltr'>de</span> <span class='ocrx_word' id='word_1_419' title='bbox 2292 4364 2549 4417; x_wconf 62' lang='lat' dir='ltr'>wadum</span> <span class='ocrx_word' id='word_1_420' title='bbox 2587 4365 2626 4415; x_wconf 89' lang='lat'>1.</span> <span class='ocrx_word' id='word_1_421' title='bbox 2649 4364 2692 4419; x_wconf 87' lang='lat' dir='ltr'>l.</span> <span class='ocrx_word' id='word_1_422' title='bbox 2718 4381 2773 4431; x_wconf 85' lang='lat' dir='ltr'>p.</span> <span class='ocrx_word' id='word_1_423' title='bbox 2813 4363 2938 4423; x_wconf 78' lang='lat'>103.</span> 
     </span>
    </p>
   </div>
   <div class='ocr_carea' id='block_1_9' title="bbox 1570 4456 4316 4596">
    <p class='ocr_par' dir='ltr' id='par_1_10' title="bbox 1570 4456 4316 4596">
     <span class='ocr_line' id='line_1_44' title="bbox 1570 4456 4316 4536; baseline 0.002 -27"><span class='ocrx_word' id='word_1_424' title='bbox 1570 4465 1635 4535; x_wconf 82' lang='lat'>1)</span> <span class='ocrx_word' id='word_1_425' title='bbox 1708 4461 1906 4529; x_wconf 78' lang='lat' dir='ltr'>Quanti</span> <span class='ocrx_word' id='word_1_426' title='bbox 1942 4459 2241 4510; x_wconf 79' lang='lat' dir='ltr'>testimonia</span> <span class='ocrx_word' id='word_1_427' title='bbox 2286 4456 2503 4510; x_wconf 72' lang='lat' dir='ltr'>Patrem</span> <span class='ocrx_word' id='word_1_428' title='bbox 2544 4457 2789 4508; x_wconf 70' lang='lat' dir='ltr'>historica</span> <span class='ocrx_word' id='word_1_429' title='bbox 2824 4456 3143 4511; x_wconf 79' lang='lat' dir='ltr'>aestimanda</span> <span class='ocrx_word' id='word_1_430' title='bbox 3180 4459 3284 4513; x_wconf 80' lang='lat' dir='ltr'>sint</span> <span class='ocrx_word' id='word_1_431' title='bbox 3313 4475 3374 4513; x_wconf 79' lang='lat' dir='ltr'>ac</span> <span class='ocrx_word' id='word_1_432' title='bbox 3408 4456 3781 4531; x_wconf 67' lang='lat' dir='ltr'>ponderanda.</span> <span class='ocrx_word' id='word_1_433' title='bbox 3831 4457 4034 4513; x_wconf 77' lang='lat' dir='ltr'>erudite</span> <span class='ocrx_word' id='word_1_434' title='bbox 4074 4477 4316 4536; x_wconf 64' lang='lat' dir='ltr'>reetequ-</span> 
     </span>
     <span class='ocr_line' id='line_1_45' title="bbox 1710 4525 3234 4596; baseline 0.001 -12"><span class='ocrx_word' id='word_1_435' title='bbox 1710 4533 1888 4584; x_wconf 69' lang='lat' dir='ltr'>statuit</span> <span class='ocrx_word' id='word_1_436' title='bbox 1927 4525 2907 4596; x_wconf 63' lang='lat' dir='ltr'>onerikeintl.p.23not.aa.</span> <span class='ocrx_word' id='word_1_437' title='bbox 3169 4538 3234 4545; x_wconf 65' lang='lat'>&#39;⁴</span> 
     </span>
    </p>
   </div>
  </div>
 </body>
</html>
